2259 3442
254 1657 319 1691 ⁹7³

1187 83 1242 137 V
1959 85 1985 138 l
1997 86 2081 139 45⁴

361 190 735 258 nympharum,
770 187 968 256 quibus
1004 205 1035 241 e
1072 187 1287 241 scibant
1321 187 1509 240 umori’
1549 186 1754 241 fluenta

361 265 571 319 lubrica
604 265 849 333 proluvie
885 264 1037 331 larga
1072 265 1255 317 lavere
1282 263 1478 321 umida
1512 279 1657 328 saxa,
2007 279 2080 318 950

360 342 547 395 umida
581 358 726 408 saxa,
764 358 928 409 super
963 340 1126 392 viridi
1165 340 1430 394 stillantia
1463 354 1663 406 masec,

358 423 418 473 et
452 418 655 487 partim
689 418 852 487 plano
889 421 1100 471 scatere
1137 421 1304 484 atque
1341 433 1629 485 erumpere
1664 426 1879 485 camp0.'

357 496 591 549 necdum
625 511 714 549 res
750 495 864 563 igni
900 493 1113 547 scibant
1149 497 1392 548 tractare
1428 510 1608 562 neque
1643 494 1725 547 uti

354 571 591 640 pellibus
625 576 684 626 et
719 572 903 640 spoliis
939 588 1137 640 corpus
1172 571 1375 625 vestire
1409 571 1662 636 ferarum,

355 649 455 702 sed
478 666 701 704 nemora
725 654 891 718 atque
914 666 1074 703 cavos
1096 649 1299 702 montis
1321 648 1591 715 silvasque
1615 649 1867 702 colebant
2006 664 2079 702 035

354 729 416 779 et
449 727 674 780 frutices
708 728 855 780 inter
889 726 1199 780 condebant
1236 725 1484 793 squalida
1518 724 1764 777 membra

352 802 584 857 verbera
619 807 908 858 ventorum
944 804 1118 856 vitare
1154 802 1453 870 imbrisque
1489 802 1674 855 coacti.

352 896 452 933 nec
485 897 769 934 commune
804 880 1008 934 bonum
1043 883 1303 948 poterant
1338 882 1587 947 spectare
1622 895 1800 947 neque
1835 880 1962 934 ullis

350 956 592 1009 moribus
625 958 771 1010 inter
807 974 866 1011 se
904 958 1119 1010 scibant
1155 973 1255 1009 nec
1291 954 1503 1022 legibus
1537 954 1634 1007 uti.

351 1031 501 1099 quod
536 1032 731 1099 cuique
768 1033 1046 1087 obtulerat
1081 1032 1321 1100 praedae
1355 1031 1589 1098 fortuna,
1626 1030 1841 1085 ferebat
2006 1049 2078 1088 900

350 1111 545 1175 sponte
580 1125 691 1165 sua*
713 1109 817 1161 sibi
853 1109 1084 1178 quisque
1119 1108 1303 1161 valere
1338 1111 1396 1161 et
1431 1107 1614 1160 vivere
1650 1106 1856 1162 doetus,

348 1186 408 1237 et
443 1184 629 1238 Venus
664 1186 720 1238 in
757 1185 903 1238 silvis
937 1185 1200 1253 iungebat
1235 1200 1462 1252 corpora
1494 1186 1800 1250 amantum;

345 1260 667 1314 conciliabat
700 1261 845 1315 enim
883 1262 966 1315 vel
1002 1266 1194 1315 mutua
1229 1276 1503 1330 quamque
1537 1260 1733 1328 cupido

346 1335 435 1388 vel
471 1336 707 1391 violenta
742 1337 845 1391 viri
881 1339 961 1391 vis
996 1341 1166 1405 atque
1201 1338 1428 1405 inpensa
1463 1336 1630 1389 libido

344 1412 431 1465 vel
465 1413 717 1481 pretium,
753 1414 979 1482 glandes
1016 1418 1185 1482 atque
1221 1413 1402 1467 arbita
1437 1413 1524 1467 vel
1559 1414 1680 1482 pira
1713 1413 1871 1469 lecta.
2002 1421 2076 1469 965

346 1492 405 1543 ct
439 1506 697 1543 manuum
733 1491 872 1544 mira
905 1491 1036 1546 freti
1073 1492 1281 1544 virtute
1318 1490 1632 1559 pedumque

345 1566 797 1621 consectabantur
832 1567 1102 1622 silvestria
1139 1567 1317 1621 saecla
1350 1568 1589 1621 ferarum

346 1642 639 1696 missilibus
674 1645 819 1697 saxis
855 1647 913 1705 et
948 1661 1145 1711 magno
1182 1644 1425 1713 pondere
1460 1644 1673 1708 elavae3

345 1718 627 1788 multaque
661 1720 964 1786 vincebant,
999 1721 1251 1774 vitabant
1285 1737 1458 1789 pauca
1492 1721 1752 1786 latebris3

346 1795 743 1863 saetigerisque
779 1813 939 1864 pares
975 1797 1127 1848 subu'
1165 1797 1245 1849 sic
1282 1796 1556 1850 silvestria
1591 1797 1840 1850 membra
2000 1811 2075 1851 970

342 1870 495 1924 nuda
528 1872 739 1925 dabant
773 1875 956 1925 terrae
995 1875 1261 1924 nocturno
1297 1875 1545 1939 tempore
1580 1874 1739 1940 capti,

344 1947 547 2000 circum
583 1964 642 2001 se
676 1947 821 2001 foliis
855 1964 919 2001 ae
952 1946 1240 2000 frondibus
1274 1947 1625 2001 involventes

343 2040 445 2077 nec
479 2023 742 2092 plangore
778 2024 925 2079 diem
962 2040 1161 2091 magno
1198 2024 1478 2092 solemque
1514 2041 1614 2093 per
1648 2041 1808 2092 agros

343 2100 681 2168 quaerebant
717 2100 897 2169 pavidi
932 2101 1181 2169 palantes
1218 2100 1395 2153 noctis
1430 2101 1485 2153 in
1521 2100 1745 2168 umbriS‚

254 2201 319 2235 m
343 2176 442 2230 sed
476 2178 632 2231 taciti
668 2177 1051 2246 respectabant
1087 2193 1387 2244 somnoque
1424 2177 1636 2245 sepulti,
1999 2192 2072 2233 975

253 2271 317 2304 ⁹78

340 2253 472 2307 dum
507 2271 666 2308 rosea
698 2255 817 2308 face
852 2254 932 2308 sol
966 2254 1195 2308 inferret
1230 2253 1435 2307 lumina
1468 2254 1630 2307 caele.

337 2346 372 2383 a
404 2331 586 2398 parvis
620 2331 769 2400 quod
804 2331 949 2385 enim
985 2333 1314 2385 consuerant
1348 2347 1572 2384 cernere
1608 2346 1825 2400 semper

338 2406 551 2460 alterno
587 2407 846 2461 tenebras
882 2412 941 2462 et
976 2408 1153 2461 lucem
1189 2411 1442 2476 tempore
1475 2407 1639 2476 gigni,

337 2499 445 2536 non
480 2487 601 2537 erat
636 2488 700 2538 ut
735 2483 855 2537 fieri
889 2487 1076 2552 posset
1112 2483 1366 2538 mirarier
1401 2500 1661 2553 umquam

337 2574 438 2611 nec
474 2558 722 2614 diffidere
759 2577 829 2614 ne
866 2564 1044 2614 terras
1080 2565 1308 2616 aeterna
1344 2564 1564 2616 teneret
1994 2575 2068 2613 980

337 2651 446 2688 nox
481 2634 537 2688 iu
572 2640 901 2703 perpetuum
938 2636 1190 2690 detracto
1225 2637 1432 2692 lumine
1468 2638 1608 2691 solis

338 2710 438 2764 sed
472 2712 645 2779 magis
680 2712 814 2765 illud
852 2717 973 2767 erat
1008 2730 1185 2781 curae,
1225 2714 1374 2783 quod
1409 2715 1585 2768 saecla
1617 2719 1858 2767 ferarum

334 2786 590 2841 infestam
625 2789 838 2842 miseris
873 2789 1146 2843 faciebant
1181 2806 1344 2859 saepe
1380 2790 1638 2859 quietem.

336 2863 608 2932 eiectique
643 2864 805 2917 domo
840 2865 1125 2934 fugiebant
1162 2883 1326 2920 saxea
1362 2869 1514 2921 tecta

336 2942 633 3009 spumigeri
668 2942 781 2996 suis
816 2942 1055 2995 adventu
1091 2942 1325 2996 validive
1360 2943 1530 2997 leonis
1994 2956 2067 2996 985

336 3022 505 3085 atque
539 3019 871 3088 intempesta
905 3017 1175 3072 cedebant
1209 3023 1368 3073 nocte
1403 3024 1668 3089 paventes

335 3093 641 3162 hospitibus
676 3096 852 3150 saevis
886 3096 1120 3148 instrata
1154 3095 1351 3149 cubilia
1385 3097 1594 3151 fronde.

339 3171 524 3287 ῙιῑΝθε
558 3173 722 3227 nimio
756 3176 875 3232 tum
910 3172 1034 3243 plus
1069 3188 1236 3241 quam
1270 3189 1413 3226 nune
1447 3176 1698 3228 mortalia
1733 3175 1917 3229 saecla.
