2259 3442
232 97 278 152 ‘l
294 96 365 152 10
1023 92 1168 148 IIII

245 199 419 253 multa
452 216 554 269 per
586 215 648 254 os
682 199 1022 268 exhalantur,
1057 215 1180 253 cum
1216 199 1474 270 languida
1509 199 1783 266 anhelant,

244 275 331 329 his
364 274 536 343 igitur
569 275 734 330 rebus
768 276 997 330 rarescit
1028 291 1229 344 corpus
1263 279 1321 329 et
1356 276 1530 331 omnis
1872 288 1948 329 sus

244 351 526 406 subruitur
560 356 784 418 natura3
817 352 974 405 dolor
1007 367 1173 420 qnam
1204 352 1558 421 consequitur
1592 370 1724 408 rem.

243 432 539 497 propterea
572 429 785 497 capitur
818 428 973 482 cibus
1007 431 1071 480 ut
1106 428 1376 482 suffulciat
1410 433 1564 482 artus

244 509 303 558 et
337 508 552 558 recreet
588 505 731 557 vires
765 504 1077 558 interdatus
1108 509 1277 572 atque
1312 508 1594 574 patentem

243 597 344 650 per
377 579 626 634 membra
657 596 723 634 ac
758 596 923 635 venas
956 584 1021 635 ut
1053 582 1296 635 amorem
1332 585 1552 649 opturet
1587 581 1804 637 edendi.

245 675 400 711 umor
431 657 565 711 item
600 656 838 712 discedit
869 658 927 710 in
962 657 1144 711 omnia
1177 674 1318 727 quae
1352 658 1471 712 loca
1505 675 1737 728 cumque
1872 672 1950 715 ew

245 736 475 802 poscunt
508 748 784 798 umorem3
817 733 1228 802 glomerataque
1264 734 1438 788 multa
1470 737 1685 804 vaporis

244 825 488 879 corpora,
525 825 667 878 quae
703 809 983 863 stomacho
1018 809 1288 878 praebent
1321 811 1572 866 incendia
1606 815 1810 881 uostrn,

246 885 497 956 dissupat
531 886 826 940 adveniens
859 886 1039 954 liquor
1072 903 1139 940 ac
1173 886 1466 955 restinguit
1499 894 1563 942 ut
1596 889 1794 957 ignem,

244 978 405 1017 urere
438 980 509 1017 ne
542 963 717 1032 possit
752 963 900 1018 calor
932 964 1166 1031 amplius
1198 963 1387 1017 aridus
1421 970 1588 1020 artus.
1636 976 1639 981 ⁴

243 1037 319 1093 sic
356 1039 526 1108 igitur
560 1039 662 1093 tibi
696 1040 892 1094 anhela
926 1039 1045 1094 sitis
1081 1039 1154 1093 de
1189 1056 1416 1109 corpore
1451 1046 1641 1095 nostro
1877 1061 1951 1100 875

244 1114 501 1183 abluitur,
538 1117 616 1171 sic
652 1116 906 1185 expletur
940 1115 1122 1170 ieiuna
1156 1115 1396 1186 cupido]

314 1191 367 1245 N
371 1209 473 1247 unc
509 1192 602 1262 qui
637 1192 737 1246 fiat
770 1193 852 1246 uti
887 1209 1081 1262 passus
1113 1193 1362 1260 proferro
1397 1209 1671 1262 queamus,

245 1284 368 1322 cum
403 1269 663 1334 volumus,
700 1269 955 1337 varieque
990 1268 1183 1321 datum
1218 1266 1293 1322 sit
1328 1269 1574 1324 membra
1609 1286 1842 1337 movere,

244 1348 303 1397 ct
337 1361 477 1413 quae
513 1361 603 1398 res
637 1350 851 1398 tuntum
887 1345 987 1398 hoc
1023 1345 1204 1398 oneris
1237 1344 1567 1413 protrudere
1599 1346 1772 1399 nostri

244 1421 487 1488 corporis
518 1421 761 1484 insuerit,
799 1420 1007 1475 dicam:
1042 1424 1106 1474 tu
1140 1421 1364 1490 percipo
1399 1420 1561 1476 dicta.
1873 1436 1951 1476 ssu

245 1496 368 1549 dico
401 1497 581 1549 animo
617 1501 803 1550 nostro
838 1497 1072 1565 primum
1114 1497 1405 1551 simulacra
1437 1497 1653 1551 meandi
1832 1492 1841 1499 ’

244 1572 493 1625 accidere
530 1575 695 1640 atque
730 1572 966 1625 animum
1003 1573 1238 1640 pulsare,
1273 1576 1338 1626 ut
1372 1573 1609 1627 diximus
1643 1578 1785 1628 autc.

243 1647 373 1701 inde
406 1648 657 1702 voluntas
692 1647 786 1713 fit;
821 1665 998 1715 neque
1034 1649 1180 1703 enim
1215 1650 1396 1704 facere
1429 1649 1619 1719 incipit
1652 1650 1818 1704 ullam

246 1740 361 1777 rem
397 1725 697 1793 quisquam,
733 1741 910 1793 quam
945 1743 1097 1780 mens
1134 1725 1370 1795 providit
1407 1726 1538 1793 quid
1573 1726 1705 1780 velit
1739 1732 1880 1781 ante.

244 1800 303 1855 id
338 1801 487 1868 quod
522 1802 792 1870 providet,
828 1802 974 1856 illius
1009 1804 1090 1856 rei
1125 1805 1341 1859 constat
1375 1802 1571 1871 imagO.
1873 1818 1950 1856 sss

246 1894 379 1946 ergo
414 1878 627 1931 animus
661 1895 784 1933 cum
820 1895 940 1934 sese
974 1879 1055 1933 ita
1088 1882 1394 1933 commovet
1426 1883 1491 1932 ut
1525 1879 1661 1932 velit
1694 1878 1777 1932 irc

245 1953 408 2022 inque
441 1953 616 2022 gredi,
654 1955 786 2010 ferit
820 1956 1097 2025 extemplo
1132 1972 1274 2024 quae
1307 1955 1364 2008 in
1399 1971 1625 2024 corporo
1660 1960 1780 2009 toto

244 2046 346 2099 per
379 2031 627 2084 membra
661 2036 829 2099 atque
863 2035 1019 2085 artus
1052 2031 1251 2085 animai
1287 2031 1483 2086 dissita
1517 2031 1601 2085 vis
1634 2036 1735 2086 est.

245 2109 303 2159 et
337 2106 550 2161 facilest
582 2107 745 2175 factu,
780 2108 1034 2179 quoniam
1069 2107 1359 2162 coniuncta
1391 2111 1627 2162 tenetur.

246 2182 377 2236 inde
411 2199 478 2236 ea
510 2201 775 2253 proporro
810 2201 1006 2252 corpus
1041 2184 1188 2251 ferit,
1222 2187 1390 2251 atque
1425 2184 1505 2238 ita
1538 2188 1659 2238 tota
1877 2200 1952 2239 890

246 2258 509 2326 paulatim
544 2260 716 2313 moles
750 2260 1097 2329 protruditur
1130 2265 1297 2328 atque
1330 2264 1596 2314 movetur.

248 2337 535 2403 praeterea
571 2339 688 2389 tum
724 2336 954 2389 rarescit
990 2352 1206 2404 quoque
1241 2352 1437 2405 corpus
1472 2340 1533 2391 et
1564 2353 1674 2402 aer,

247 2410 453 2465 scilicet
488 2416 551 2465 ut
587 2411 757 2466 debet
790 2411 886 2480 qui
924 2429 1142 2482 semper
1175 2413 1388 2467 mobilis
1423 2416 1595 2478 extat,

247 2502 347 2555 per
378 2488 653 2557 patefacta
690 2487 839 2542 venit
874 2492 1238 2558 penetratque
1269 2488 1535 2543 foramina
1568 2488 1753 2556 largus

245 2568 306 2619 et
341 2563 675 2635 dispargitur
710 2566 783 2620 ad
819 2566 993 2634 partis
1028 2565 1109 2618 ita
1144 2581 1388 2634 quasque
1422 2565 1661 2618 minutas
1877 2577 1952 2617 sss

245 2643 501 2712 corporis.
536 2642 624 2697 hic
655 2643 826 2712 igitur
863 2642 1028 2697 rebus
1065 2642 1131 2696 fit
1165 2642 1440 2710 utrimque
1476 2640 1706 2706 duabus,

245 2735 415 2785 aeque
448 2721 515 2774 id
545 2726 609 2775 ut
642 2739 705 2775 ac
740 2721 891 2775 navis
927 2720 1062 2774 velis
1098 2722 1370 2786 ventoque
1403 2717 1629 2771 feratur.

247 2811 348 2849 nec
381 2808 568 2850 tamen
604 2798 737 2851 illud
773 2798 830 2850 in
867 2797 949 2850 bis
986 2795 1154 2849 rebus
1186 2793 1436 2847 mirabile
1471 2796 1698 2857 constat,

246 2872 462 2927 tantula
496 2873 644 2941 quod
678 2878 894 2927 tantum
931 2889 1126 2939 corpus
1164 2870 1481 2940 corpuscula
1514 2872 1745 2938 possunt

247 2952 606 3016 contorquere
643 2953 701 3002 et
736 2966 873 3002 onus
908 2953 1088 3004 totum
1126 2953 1445 3002 convertere
1479 2949 1741 2999 nostrum.
1880 2959 1952 2998 900

246 3025 446 3093 quippe
484 3024 688 3077 etenim
722 3029 917 3079 ventus
952 3024 1140 3092 suptili
1177 3039 1401 3090 corpore
1435 3021 1616 3075 tenvis

248 3100 426 3155 trudit
461 3117 630 3168 agens
661 3117 915 3168 magnam
949 3116 1150 3168 magno
1185 3097 1463 3152 molimine
1493 3111 1689 3149 navem

254 3182 309 3216 ot
344 3192 536 3231 manus
569 3191 679 3236 uua
710 3176 855 3244 regit
888 3176 1175 3246 quantovis
1211 3175 1416 3241 impete
1451 3174 1674 3227 euntem
