2259 3442
234 106 320 166 50
1065 104 1138 161 ΙΙ

230 214 292 266 at
325 207 460 263 varii
494 223 682 264 rerum
714 205 1009 278 inpediunt
1042 206 1450 278 prohibentque
1487 206 1696 263 colores
1807 189 1811 195 ¹

234 285 523 356 quominus
557 302 680 340 esse
714 300 827 339 uno
862 283 1041 353 possit
1075 301 1168 339 res
1202 286 1323 338 tota
1356 285 1550 339 nitore.
1711 331 1718 337 .

309 363 449 416 Tum
485 378 649 432 porro
685 377 827 430 quae
862 360 1018 416 ducit,
1053 365 1113 415 et·
1147 361 1321 416 inlicit
1354 365 1420 416 ut
1452 362 1762 417 tribuamus

238 440 520 510 principiis
554 455 741 492 rerum
775 454 1185 508 nonnumquam
1219 455 1382 493 causa
1415 441 1640 507 colore3‚

232 515 449 582 occidit,
485 532 554 569 ex
590 515 729 570 albis
765 515 1022 583 quoniam
1055 534 1165 570 non
1201 515 1327 570 alba
1362 520 1636 588 creantur,

231 608 333 646 nee
374 608 517 660 quae
551 591 710 660 nigra
744 592 932 647 cluent
969 593 1040 648 de
1075 593 1247 661 nigris
1282 593 1384 648 sed
1418 594 1584 649 variis
1617 610 1705 649 ex.

231 669 438 739 quippe
473 669 677 723 etenim
712 669 888 724 multo
921 670 1218 741 proclivius
1252 670 1574 726 exorientur

230 744 464 800 candida
498 745 571 800 de
606 745 755 800 nullo
791 762 957 815 quam
991 747 1149 815 nigro
1183 750 1316 802 nata
1350 746 1533 802 colore

230 824 331 875 aut
364 821 471 875 alio
506 823 699 891 quovis
735 824 829 893 qui
863 825 1057 878 contra
1089 826 1302 892 pugnet
1336 827 1396 878 et
1430 823 1629 878 obstet.

301 897 600 954 Praeterea
633 899 886 968 quoniam
919 904 1206 969 nequeunt}
1237 900 1352 954 sine
1385 901 1508 955 luce
1541 899 1750 955 colores

231 991 354 1029 esse
389 993 570 1046 neque
604 976 662 1030 in
694 975 874 1030 lucem
910 975 1160 1031 existunt
1193 976 1494 1046 primordia
1528 991 1730 1041 rerum,

232 1052 377 1107 scire
412 1053 545 1107 licet
579 1068 745 1121 quam
779 1050 892 1106 sint·
925 1052 1077 1106 nullo
1112 1052 1295 1107 velata
1328 1052 1524 1106 colore.

232 1130 409 1198 qualis
443 1129 588 1183 enim
623 1128 802 1183 caecis
836 1130 1045 1200 poterit
1079 1129 1230 1184 color
1264 1145 1384 1183 esse
1418 1127 1697 1183 tenebris?

231 1205 438 1260 lumine
473 1205 605 1274 quin
637 1205 758 1276 ipso
793 1209 1045 1260 mutatur
1078 1208 1379 1275 propterea
1413 1204 1561 1273 quod

231 1285 389 1336 recta
421 1285 520 1336 aut
553 1281 776 1350 obliqua
808 1298 1102 1351 percussus
1136 1282 1261 1336 luce
1295 1281 1561 1350 refulget3

231 1357 421 1426 pluma
456 1357 834 1411 columbarum
870 1374 979 1424 quo
1014 1361 1180 1427 pacto
1215 1357 1272 1411 in
1309 1358 1420 1413 sole
1455 1357 1692 1425 videtur,

233 1449 375 1501 quae
410 1433 518 1486 sita
551 1431 793 1486 cervices
827 1433 1033 1486 circum
1069 1432 1376 1503 collumque
1411 1436 1666 1499 coronat3

232 1524 473 1575 namque
507 1508 642 1561 alias
678 1507 743 1560 fit
778 1508 862 1561 uti
897 1508 1045 1561 claro
1081 1509 1157 1562 sit
1191 1509 1359 1562 rubra
1392 1526 1614 1580 pyropo,

233 1583 515 1639 interdum
551 1583 789 1652 quodam
826 1599 990 1637 sensu
1024 1584 1092 1638 fit,
1125 1585 1209 1638 uti
1246 1585 1503 1639 videatur

231 1659 384 1714 inter
418 1659 680 1714 curalium
718 1658 909 1712 viridis
942 1659 1176 1714 miscere
1210 1662 1549 1730 zmaragdos.

234 1735 527 1806 caudaque
562 1734 805 1805 pavonis,
841 1735 998 1804 larga
1031 1752 1157 1791 cum
1192 1736 1317 1792 luce
1352 1738 1570 1808 repleta
1605 1741 1707 1806 cst,

233 1813 501 1867 consimili
534 1814 717 1867 mutat
751 1812 968 1867 ratione
1004 1811 1239 1868 obversa
1273 1813 1511 1881 colores3

233 1893 330 1961 qui
364 1891 618 1959 quoniam
656 1890 897 1960 quodam
932 1891 1235 1960 gignuntur
1269 1890 1487 1944 luminis
1520 1892 1650 1958 ictu,

233 1968 376 2020 scire
409 1967 554 2034 licet,
590 1968 707 2021 sine
742 1983 810 2021 eo
845 1967 966 2040 fieri
999 1982 1109 2019 non
1144 1984 1306 2036 posse
1339 1967 1648 2035 putandum
1685 1970 1785 2022 cst.

233 2043 295 2095 et·
328 2043 581 2109 quoniam
617 2041 814 2111 plagae
847 2042 1124 2109 quoddam
1161 2059 1335 2109 genus
1369 2043 1576 2110 excipit
1607 2043 1663 2096 in
1699 2059 1759 2097 se

234 2117 456 2186 pupula,
491 2134 615 2171 cum
653 2117 857 2170 sentire
891 2116 1143 2171 colorem.
1166 2117 1369 2169 dieitur
1404 2116 1603 2185 album,

232 2194 403 2258 atque
436 2192 589 2244 aliud
622 2206 802 2259 porro,
837 2192 1058 2257 nigrum
1092 2208 1218 2244 cum
1254 2193 1313 2243 ct
1347 2194 1534 2244 cetera
1568 2191 1753 2258 sentit,

234 2280 337 2317 nec
373 2265 548 2317 refert
584 2281 654 2317 ea
685 2279 828 2329 quae
863 2269 1060 2330 tangas
1096 2280 1207 2332 quo
1241 2265 1389 2317 forte
1424 2266 1607 2320 colore

236 2338 490 2409 praedita
526 2339 651 2400 sint,
688 2353 879 2390 verum
914 2338 1062 2404 quali
1099 2339 1275 2407 magis
1311 2343 1445 2407 apta
1481 2341 1677 2410 figura,

238 2413 377 2468 scire
413 2413 544 2467 lieet
578 2413 654 2465 nil
688 2412 972 2481 principiis
1008 2429 1148 2482 opus
1184 2431 1308 2468 esse
1344 2415 1572 2487 colores,

238 2487 338 2542 sed
373 2488 538 2541 variis
573 2487 762 2540 formis
798 2488 1078 2542 variantes
1113 2490 1282 2544 edere
1316 2494 1519 2549 tactus.

309 2563 610 2618 Praeterea
643 2562 899 2630 quoniam
935 2581 1045 2619 non
1081 2567 1251 2621 certis
1286 2572 1442 2624 certa
1476 2570 1668 2641 figuris

239 2642 327 2693 est.
360 2642 561 2693 natura
596 2638 793 2694 coloris
828 2643 888 2695 et
923 2643 1107 2696 omnia
1142 2645 1533 2716 principiorum

236 2716 602 2770 formamenta
635 2719 845 2786 queunt
878 2717 937 2772 in
974 2722 1164 2790 quovis
1199 2739 1322 2777 esse
1356 2725 1551 2792 nitore,

238 2807 336 2844 cur
371 2806 437 2843 ea
472 2808 613 2859 quae
648 2796 906 2849 constant
942 2813 1012 2850 ex
1044 2797 1155 2852 illis
1189 2815 1298 2853 non
1332 2802 1546 2870 pariter
1579 2803 1708 2854 sunt

238 2881 398 2919 omne
432 2881 604 2932 genus
639 2869 865 2937 perfusa
899 2872 1173 2928 coloribus
1206 2876 1263 2929 in
1296 2893 1502 2945 genere
1536 2876 1713 2932 omni?

239 2941 600 2997 conveniebat.
634 2944 781 2998 enim
815 2963 1009 3002 corvos
1043 2967 1262 3020 quoquc
1297 2968 1462 3022 saepe
1496 2950 1731 3008 volantis

239 3033 309 3070 ex
345 3015 483 3070 albis
517 3018 702 3072 album
737 3021 919 3089 pinnis
952 3025 1162 3080 iactare
1197 3027 1433 3082 colorem

238 3096 300 3147 et
331 3091 518 3160 nigros
552 3095 673 3149 fieri
706 3096 866 3164 nigro
900 3100 974 3155 de
1008 3104 1215 3157 semine
1250 3119 1445 3171 cycnos

238 3170 336 3223 aut
370 3168 477 3223 alio
511 3171 702 3240 quovis
734 3188 845 3228 uno
880 3177 1141 3247 varioque
1179 3179 1375 3234 colore.

1892 2057 1969 2099 810

1883 2435 1960 2474 816

1884 2817 1959 2858 820
