2259 3442
296 96 405 152 144
1101 91 1171 149 Y.

283 199 445 252 nixus
478 200 534 252 in
569 199 672 253 hoc
707 217 817 255 uno
851 203 1109 259 novitatis
1145 199 1364 256 nomine
1397 197 1559 266 inani,

259 275 460 329 ‘multa
493 273 625 329 licet
658 274 822 329 simili
855 278 1068 330 rationo
1102 274 1321 329 effutiat
1355 292 1465 342 ore,
1905 292 1986 335 910

287 369 452 408 aurea
487 355 607 406 tum
644 351 795 406 dicat
828 369 929 421 por
962 356 1141 409 terras
1177 351 1402 407 flumina
1437 351 1599 420 vulgo

285 429 509 483 fluxisse
544 431 603 483 et
636 430 866 496 gemmis
900 428 1095 483 florere
1130 428 1354 483 arbusta
1392 429 1577 483 sue‘sse

284 510 382 560 aut
416 505 688 559 hominem
723 507 878 559 tanto
913 506 1283 559 membrorum
1319 521 1439 559 esse
1474 504 1683 574 impote
1718 510 1925 573 natum,

285 585 438 636 trans
473 581 644 633 maria
677 580 790 634 alta
825 582 1029 650 pedum
1065 581 1216 634 nisus
1251 584 1316 634 ut
1350 597 1554 649 ponere
1588 585 1775 650 posset

286 662 345 712 et
380 657 630 711 manibus
666 660 846 710 totum
882 658 1084 712 circum
1125 675 1185 711 se
1220 661 1437 711 vertere
1473 657 1698 710 caelum.
1919 674 1995 714 915

284 751 410 787 nam
447 732 593 802 quod
629 734 803 787 multa
836 734 991 787 fuere
1026 733 1084 787 in
1121 733 1285 788 terris
1321 732 1529 787 semina
1562 751 1748 788 rerum

283 818 532 879 tempore
565 827 673 879 quo
707 810 944 879 primum
980 810 1145 865 tellus
1181 810 1432 863 animalia
1465 810 1626 879 fudit,

284 886 361 940 nil
397 892 582 940 tamen
618 890 704 941 est
740 886 880 954 signi
917 886 1121 941 mixtas
1158 887 1402 957 potuisse
1439 887 1613 940 creari

282 963 428 1016 inter
464 979 524 1016 se
557 964 797 1033 pecudes
833 967 1224 1032 compactaque
1258 963 1504 1016 membra
1539 963 1888 1028 animantum,

282 1044 576 1109 propterca
598 1041 725 1108 quia
748 1057 889 1109 quae
913 1041 984 1093 de
1010 1040 1173 1093 terris
1196 1056 1339 1093 nunc
1363 1055 1582 1107 quoque
1605 1039 1885 1093 abundant
1919 1054 1996 1093 azo

284 1116 575 1170 herbarum
611 1134 816 1186 genera
849 1134 912 1171 ac
945 1118 1135 1184 fruges
1169 1115 1507 1183 arbustaque
1543 1116 1689 1169 laeta

282 1209 389 1246 nou
425 1196 610 1247 tamen
645 1194 789 1246 inter
826 1209 885 1246 se
919 1197 1151 1262 possunt
1185 1192 1466 1260 complexa
1493 1192 1682 1258 creari,

284 1270 382 1322 sed
416 1286 507 1322 res
542 1286 790 1338 quaeque
825 1286 922 1322 suo
958 1269 1071 1322 ritu
1104 1268 1359 1337 procedit
1393 1272 1452 1322 et
1487 1284 1672 1321 omnes

281 1345 504 1399 foedere
539 1348 767 1399 naturae
804 1349 956 1399 certo
993 1345 1308 1398 discrimina
1343 1347 1576 1397 servant.

354 1422 435 1475 At
469 1438 641 1488 genus
670 1422 966 1474 humanum
1002 1421 1177 1475 multo
1211 1420 1317 1474 fuit
1350 1420 1488 1474 illud
1522 1421 1579 1473 in
1613 1420 1758 1474 arvis
1915 1436 1994 1475 925

282 1497 486 1564 durius,
525 1501 587 1550 ut
624 1497 821 1564 decuit,
859 1497 1022 1550 tellus
1058 1496 1206 1565 quod
1242 1496 1381 1551 dura
1416 1501 1672 1564 creasset,

280 1578 339 1629 et
373 1573 666 1627 maioribus
702 1577 761 1626 ot
796 1572 981 1626 solidis
1016 1575 1192 1642 inagis
1214 1574 1438 1628 -ossibus
1472 1573 1622 1627 intus

278 1651 583 1717 fundatum,
618 1649 809 1703 validis
844 1654 1034 1720 aptum
1070 1668 1171 1719 per
1204 1651 1412 1705 viscera
1445 1650 1640 1716 nervis,

281 1744 380 1782 nec
417 1726 574 1780 facile
609 1744 677 1779 ex
714 1729 872 1780 aestu
904 1743 1007 1780 nec
1040 1727 1246 1795 frigore
1282 1726 1430 1795 quod
1466 1729 1757 1795 caperetur

281 1821 379 1858 nec
416 1803 659 1857 novitate
694 1803 801 1856 cibi
836 1820 937 1857 nec
973 1803 1084 1856 labi
1121 1804 1362 1872 corporis
1397 1802 1524 1856 ulla.
1912 1818 1992 1858 mo

281 1881 559 1949 multaque
594 1897 695 1949 per
731 1880 941 1933 caelum
978 1880 1106 1933 solis
1144 1879 1416 1933 volventia
1450 1879 1627 1933 lustra

280 1957 560 2026 volgivago
597 1957 767 2011 vitam
801 1956 1117 2010 tractabant
1153 1973 1305 2010 morc
1339 1957 1593 2010 ferarum.

279 2050 380 2088 nec
416 2033 672 2087 robustus
709 2037 830 2110 erat
865 2033 1017 2087 curvi
1053 2032 1368 2086 moderator
1402 2032 1573 2085 aratri

280 2110 582 2178 quisquam,
620 2126 719 2162 nec
756 2109 931 2163 scibat
965 2110 1110 2162 ferro
1148 2108 1389 2161 molirier
1425 2125 1555 2163 arva

280 2203 380 2239 nec
414 2202 554 2239 nova
587 2185 849 2239 defodere
884 2187 941 2238 in
978 2189 1184 2240 terram
1222 2185 1460 2254 virgulta
1494 2201 1671 2255 neque
1706 2184 1834 2239 altis
1909 2200 1986 2241 935

279 2262 564 2315 arboribus
599 2265 816 2315 veteres
851 2261 1109 2315 decidere
1146 2261 1359 2316 falcibu'
1403 2279 1597 2316 ramos.

279 2338 427 2406 quod
464 2336 544 2390 sol
580 2340 748 2405 atque
783 2338 988 2392 imbres
1025 2338 1310 2407 dederant,
1348 2339 1498 2407 quod
1533 2342 1684 2392 terra
1717 2339 1932 2391 crearat

280 2416 474 2483 sponte
510 2430 621 2481 sua,
660 2413 793 2466 satis
828 2413 889 2466 id
920 2414 1176 2482 placabat
1211 2418 1439 2485 pectora
1474 2416 1691 2469 donum.

277 2489 609 2559 glandiferas
646 2489 793 2543 inter
828 2490 1094 2545 curabant
1129 2509 1360 2562 corpora
1395 2508 1627 2561 quercus

279 2567 630 2636 plerumque;
668 2569 725 2619 et
761 2583 901 2634 quae
936 2585 1079 2621 nunc
1113 2568 1340 2622 hiberno
1378 2571 1626 2637 tempore
1662 2564 1839 2620 cernis
1905 2578 1984 2621 ⁰43

279 2642 459 2697 arbita
492 2643 721 2711 puniceo
755 2643 876 2696 fieri
913 2649 1128 2697 matura
1165 2644 1360 2712 colore,

275 2721 509 2790 plurima
542 2725 660 2774 tum
697 2719 859 2774 tellus
895 2721 1061 2774 etiam
1097 2722 1303 2774 maiora
1336 2723 1561 2776 ferebat.

278 2797 556 2866 multaque
591 2802 880 2866 practerea
913 2798 1126 2851 novitas
1162 2801 1281 2851 tum
1317 2798 1511 2851 florida
1544 2796 1734 2851 mundi

275 2873 476 2941 pabula
511 2874 650 2927 dura
683 2873 828 2940 tulit,
865 2874 1078 2928 miseris
1112 2873 1434 2929 mortalibus
1470 2873 1664 2941 ampla.

203 2943 224 2950 “
276 2952 336 3001 at
370 2949 565 3001 sedare
600 2950 747 3003 sitim
782 2950 933 3002 fluvii
967 2951 1258 3020 fontesque
1292 2951 1572 3017 vocabant,
1908 2965 1984 3005 945

271 3025 336 3075 ut
370 3038 514 3075 nunc
548 3023 826 3077 montibus
860 3042 893 3078 e
925 3025 1139 3093 magnis
1174 3026 1437 3080 decursus
1471 3026 1638 3094 aquai

272 3097 435 3150 claru'
474 3098 610 3151 citat
643 3099 755 3152 late
791 3100 1033 3153 sitientia
1068 3102 1246 3154 saecla
1279 3102 1534 3153 ferarum.

274 3172 512 3241 deniquo
546 3175 677 3226 nota
709 3175 832 3240 vagi
868 3175 1140 3228 silvestria
1173 3174 1381 3242 templa
1413 3175 1677 3230 tenebant
