2259 3442
222 132 336 190 190
1006 129 1103 184 VI

212 233 509 300 interclusa
544 232 724 287 anima
759 231 925 286 nimia
958 230 1030 286 ab
1065 229 1360 285 dulcedine
1393 247 1674 299 aquarum,

215 310 497 377 multaque
529 325 632 377 per
665 308 851 379 populi
887 307 1091 376 passim
1128 307 1249 361 loca
1283 310 1544 380 prompta
1578 308 1808 377 viasque

215 385 475 455 languida
508 385 807 439 semanimo
842 400 966 438 eum
1001 400 1232 454 corpore
1268 383 1517 438 membra
1550 383 1771 438 videres

217 462 442 516 horrida
479 459 717 531 paedore
756 463 816 513 et
851 460 1046 529 pannis
1079 464 1343 530 cooperta
1373 461 1555 529 perire

216 539 461 608 corporis
496 537 711 605 inluvie,
746 535 879 607 pelli
914 552 1080 605 super
1114 537 1341 591 ossibus·
1361 553 1485 602 una,
1835 553 1956 594 127⁰

215 614 493 669 ulceribus
527 611 723 666 taetris
759 628 932 681 prope
965 613 1073 666 iam
1109 612 1369 682 soi-dique
1404 612 1635 683 sepulta.

218 691 400 745 omnia
433 689 670 757 denique
707 691 897 743 sancta
931 689 1095 743 deum
1132 688 1367 743 delubra
1401 689 1646 760 replerat

217 765 535 837 corporibus
568 781 717 819 mors
753 765 1016 819 exanimis
1052 769 1388 835 onerataque
1423 766 1628 838 passim

218 846 416 899 cuncta
448 841 809 897 cadaveribus
845 840 1146 896 caelestum
1181 841 1389 910 templa
1422 842 1666 908 tenebat,

218 918 523 989 hospitibus
557 917 674 972 loca
708 934 849 987 quae
885 917 1224 987 complerant
1259 917 1623 973 aedituentes.
1834 932 1947 973 1275

220 1013 320 1051 nec
353 996 468 1060 iam
498 993 688 1064 religio
724 993 909 1048 divom
942 1010 1043 1048 nec
1077 994 1299 1048 nunn’na
1332 994 1515 1062 magni

219 1072 604 1143 pendebantur
639 1071 812 1126 enim:
849 1087 1110 1141 praesens
1147 1070 1305 1124 dolor
1339 1068 1721 1138 exsuperabat.

220 1167 320 1204 nec
355 1167 474 1204 mos
499 1149 600 1209 illo
632 1147 947 1218 sepulturae
982 1147 1304 1202 remanebat
1337 1145 1395 1199 in
1429 1145 1581 1212 urbe,

220 1243 329 1296 quo
361 1227 483 1295 pius
517 1225 609 1280 hic
640 1225 873 1296 populus
908 1240 1125 1293 semper
1159 1226 1448 1278 consuerat
1480 1222 1725 1287 humari;

222 1302 577 1372 perturbatus
612 1302 758 1356 enim
793 1304 946 1355 totus
981 1299 1313 1369 trepidabat,
1351 1303 1411 1355 et
1443 1315 1585 1353 unns
1827 1314 1937 1353 1280

222 1379 453 1448 quisque
484 1394 645 1431 sumn
679 1393 781 1446 pro
816 1393 878 1431 re
903 1376 1199 1445 praesenti
1235 1379 1476 1430 maestus
1509 1371 1788 1429 humabat.

224 1454 507 1523 multaque
541 1470 633 1508 res
669 1452 852 1506 subita
886 1455 945 1507 et
979 1456 1278 1522 paupertas
1313 1451 1538 1506 horrida
1573 1451 1758 1506 suasit.

223 1547 458 1599 namque
492 1546 618 1583 suos
652 1529 1079 1596 consanguineos
1111 1528 1288 1582 aliena
1321 1543 1579 1595 rogorum

224 1608 447 1676 insuper
477 1607 735 1659 extructa
766 1603 979 1672 ingenti
1013 1604 1249 1658 clamore
1284 1602 1536 1658 locabant

225 1682 638 1749 subdebantque
670 1680 831 1747 faces,
866 1678 1039 1734 multo
1073 1697 1199 1734 cum
1235 1679 1494 1748 sanguine
1529 1694 1692 1749 saepe
1827 1693 1930 1733 1285

225 1759 467 1815 rixantes
499 1756 684 1831 potius
717 1773 882 1828 quam
914 1772 1145 1827 eor-pora
1179 1757 1580 1812 desererentur.
1644 1793 1647 1798 -
