2259 3442
294 42 410 101 176
1084 41 1184 97 VI

288 146 589 215 conspicias
625 145 866 209 homiuiS,
901 144 967 197 fit
998 147 1065 197 ut
1098 145 1276 199 omnis
1311 144 1494 200 dicere
1529 162 1721 199 causas

290 222 576 277 conveniat
610 221 723 289 leti,
760 219 977 273 dicatur
1012 224 1076 274 ut
1109 220 1255 273 illius
1290 236 1413 274 una.

290 315 419 352 nam
454 314 631 365 neque
666 314 791 351 eum
825 296 971 350 ferro
1005 312 1107 349 nec
1142 296 1345 363 frigore
1379 296 1596 350 vincere
1634 298 1811 366 possis

287 375 558 428 interiisse
593 389 772 441 neque
807 389 841 425 a
875 370 1066 424 morbo
1100 388 1280 439 neque
1313 372 1460 426 torte
1494 389 1718 439 veneno,

289 467 478 505 verum
502 448 709 517 aliquid
728 462 930 514 genere
955 463 1075 502 esse
1099 464 1169 502 ex
1191 448 1294 501 hoc
1317 448 1467 518 quod
1489 449 1721 516 contigit
1742 449 1793 502 ei
1926 467 2012 508 πο

288 527 502 582 scimus.
538 525 672 579 item
706 524 764 576 in
797 521 983 576 multis
1016 525 1120 578 hoc
1155 523 1322 579 rebus
1356 524 1541 580 dicere
1573 524 1855 580 habemus.

358 602 517 656 Nilus
551 601 605 654 in
641 602 907 653 aestatem
943 600 1142 654 crescit
1175 601 1490 670 campisque
1525 600 1815 670 redundat,

288 679 479 731 unicus
512 677 566 729 in
602 675 767 729 terris
805 675 1046 743 Aegypti
1082 677 1255 730 totius
1291 676 1479 730 amnis.

286 754 335 807 is
369 754 513 823 rigat
549 754 864 821 Aegyptum
899 751 1141 805 medium
1175 768 1277 821 per
1312 769 1475 821 saepe
1509 752 1760 822 calorem,

287 832 385 883 aut
420 829 550 899 quia
584 830 711 883 sunt
746 830 957 881 aestate
992 828 1275 897 aquilones
1310 830 1453 883 ostia
1487 833 1693 897 contra,
1915 843 2001 884 ⁷15

286 906 414 959 anni
446 909 696 974 tempore
731 921 797 958 eo
832 904 925 971 qui
961 904 1166 959 etesiae
1202 922 1322 959 esse
1357 905 1621 973 feruntur,

287 985 347 1035 et
380 985 572 1037 contra
605 981 826 1035 fluvium
861 981 1058 1035 flantes
1093 984 1442 1037 remorantur
1476 984 1535 1035 et
1568 981 1745 1035 undas

285 1062 542 1127 cogentes
577 1076 763 1118 sursus
799 1057 1015 1126 replent
1048 1061 1358 1127 coguntque
1398 1075 1633 1113 manere.

286 1152 409 1188 nam
446 1134 614 1188 dubio
646 1133 835 1203 procul
870 1134 1006 1187 haec
1040 1133 1272 1187 adverso
1308 1133 1481 1196 flabra
1514 1134 1765 1189 feruntur

286 1210 520 1277 flumine,
555 1228 695 1281 quae
730 1210 928 1278 gelidis
963 1210 1033 1263 ab
1069 1210 1244 1264 stellis
1279 1210 1398 1264 axis
1433 1214 1685 1278 aguntur.
1914 1224 1994 1266 72⁰

283 1286 374 1340 ille
411 1304 479 1341 ex
514 1287 773 1341 aestifera
807 1286 953 1354 parti
988 1287 1142 1340 venit
1176 1287 1350 1340 amnis
1386 1285 1457 1340 ab
1492 1290 1696 1355 austro,

281 1362 426 1417 inter
460 1364 617 1432 nigra
651 1361 827 1415 virum
863 1365 1116 1431 percocto
1154 1362 1331 1416 saecla
1364 1362 1545 1416 colore

283 1440 534 1493 exoriens
569 1439 788 1508 penitus
823 1438 1008 1491 media
1041 1438 1111 1492 ab
1149 1440 1369 1507 regione
1406 1439 1529 1492 diei.

282 1519 370 1569 est
404 1531 619 1583 quoque
653 1513 736 1566 uti
770 1514 942 1581 possit
976 1530 1206 1582 magnus
1241 1518 1530 1583 congestus
1564 1515 1799 1569 harenae

281 1590 536 1645 fluctibus
570 1589 815 1642 adversis
851 1589 1094 1658 oppilare
1131 1591 1271 1645 ostia
1305 1594 1510 1659 contra,
1910 1605 1985 1646 '725

281 1683 405 1721 cum
440 1683 590 1720 mare
622 1668 929 1735 permotum
963 1666 1142 1719 ventis
1177 1668 1289 1722 ruit
1322 1667 1474 1721 intus
1505 1666 1799 1734 harenam3

280 1760 389 1811 quo
423 1743 489 1798 fit
523 1742 605 1796 uti
641 1744 802 1811 pacto
837 1741 976 1795 liber
1009 1742 1190 1795 minus
1225 1744 1408 1797 exitus
1442 1744 1588 1798 amni

280 1823 338 1872 et
374 1819 625 1889 proclivis
659 1817 791 1873 item
827 1818 926 1872 fiat
960 1819 1139 1872 minus
1171 1818 1413 1888 impetus
1445 1820 1620 1873 undis.

279 1895 343 1950 fit
378 1913 595 1965 quoque
628 1896 709 1949 uti
745 1895 959 1964 pluviae
993 1895 1177 1949 forsan
1211 1896 1387 1964 magis
1421 1896 1494 1950 ad
1529 1899 1693 1965 caput
1728 1896 1780 1950 ei

278 1976 525 2041 tempore
561 1988 625 2026 eo
662 1972 807 2037 fiant,
842 1970 988 2039 quod
1024 1972 1201 2026 etesia
1233 1971 1406 2026 flabra
1441 1973 1753 2040 aquilonum
1906 1987 1982 2029 730

278 2047 459 2100 nubila
494 2048 765 2102 coniciunt
798 2047 855 2100 in
891 2063 985 2100 eas
1018 2050 1151 2101 tunc
1186 2048 1368 2101 omnia
1400 2049 1587 2117 partis.

276 2122 484 2177 scilicet
519 2123 591 2177 ad
625 2123 864 2176 mediam
900 2122 1179 2191 regionem
1215 2124 1391 2177 eiecta
1424 2124 1534 2178 diei

274 2215 399 2251 cum
434 2202 824 2266 convenerunt,
850 2198 928 2253 ibi
964 2199 1035 2255 ad
1071 2200 1215 2253 altos
1250 2199 1487 2269 denique
1521 2201 1725 2255 montis

273 2278 559 2328 contrusae
594 2274 766 2327 nubes
802 2277 1071 2341 eoguntur
1105 2276 1266 2344 vique
1301 2280 1640 2345 premuntur.

270 2350 497 2403 forsitan
534 2349 867 2418 Aethiopum
900 2351 1120 2418 penitus
1156 2352 1228 2407 de
1262 2352 1539 2407 montibus
1573 2353 1700 2408 altis
1903 2367 1978 2411 735

270 2428 495 2493 crescat,
530 2423 624 2478 ubi
659 2424 716 2478 in
751 2442 970 2494 campos
1005 2426 1158 2492 albas
1193 2429 1529 2484 descendere
1565 2430 1796 2498 ningues

270 2502 502 2556 tabificis
541 2500 746 2570 subigit
782 2502 951 2568 radiis
987 2504 1066 2568 sol
1102 2505 1284 2559 omnia
1319 2505 1570 2559 lustrans.
1646 2569 1651 2575 ¹

339 2579 392 2631 N
395 2596 501 2633 unc
520 2595 636 2647 age,
657 2583 880 2633 Averna
897 2579 997 2633 tibi
1017 2597 1159 2647 quae
1177 2582 1287 2634 siut
1304 2580 1424 2635 loca
1441 2599 1673 2651 cumque
1689 2583 1951 2654 lacusque

268 2655 572 2724 expediam,
610 2655 757 2723 quali
791 2661 990 2709 natura
1024 2656 1278 2726 praedita
1314 2661 1581 2712 constent.

266 2731 549 2802 principie,
583 2748 691 2800 quo
729 2733 951 2785 Averna
984 2736 1250 2786 vocantur
1283 2735 1517 2802 nomine,
1550 2733 1611 2787 id
1644 2733 1716 2788 ab
1750 2752 1814 2790 re
1897 2748 1972 2791 ἰ’-ιο

265 2808 629 2876 inpositumst,
665 2809 791 2877 quia
825 2812 953 2863 sunt
985 2808 1176 2863 avibus
1210 2812 1483 2865 contraria
1516 2811 1739 2879 cuncti-³1,

266 2899 298 2935 e
333 2884 554 2950 regione
590 2901 656 2937 ea
692 2884 843 2953 quod
876 2884 996 2938 loca
1030 2902 1154 2939 cum
1191 2903 1392 2940 venere
1426 2887 1687 2954 volantes,

266 2958 461 3023 remigi
495 2958 699 3011 oblitae
732 2975 1033 3026 pennarum
1068 2961 1190 3014 vela
1223 2962 1515 3015 remittunt
1640 2973 1645 2978 ’

264 3032 703 3099 praecipitesque
736 3033 943 3088 cadunt
975 3035 1137 3098 molli,
1162 3037 1370 3102 cervice
1404 3036 1658 3103 profusae

255 3106 320 3159 ,in
355 3107 576 3171 terram,
614 3107 661 3158 si
694 3107 837 3161 forte
869 3109 949 3162 ita
983 3111 1090 3163 fert
1124 3115 1320 3163 natura
1354 3109 1608 3176 locorum,
1895 3126 1967 3170 745
