2259 3442
206 86 285 145 48
1037 89 1108 145 Ιὶ

215 201 443 260 pascere
474 195 728 247 naturam
762 210 862 262 per
894 196 1073 249 terras
1108 188 1516 262 omniparentis-J

217 287 447 340 quorum
481 270 559 323 nil
594 270 713 324 fieri
746 270 1094 323 manifestum
1130 274 1231 337 est,
1269 271 1450 324 omnia
1482 271 1707 339 quando

117 402 122 407 ,
216 347 509 414 seminibus
543 347 710 401 certis
745 351 897 401 certa
929 346 1208 413 genetrice
1244 351 1429 400 creata

215 439 537 479 conservare
569 440 743 492 genus
777 422 1080 475 crescentia
1113 439 1275 491 posse
1312 423 1571 477 videmus.

214 499 425 554 seilicet
456 500 516 553 id
550 503 703 554 certa
737 498 858 552 fieri
893 497 1108 552 ratione
1145 503 1440 553 necessust.
1843 514 1923 556 710

212 592 339 629 nam
374 592 474 630 sua
508 575 706 645 cuique
742 574 879 629 cibis
914 591 983 628 ex
1020 574 1274 628 omnibus
1307 574 1460 629 intus
1492 575 1550 631 in
1585 582 1738 631 artus

212 668 443 722 corpora
477 651 770 706 discedunt
805 667 1118 719 conexaque
1154 652 1526 706 convenientis

212 728 454 783 efficiunt
486 731 684 785 motus.
720 730 781 783 at
814 731 1007 782 eontra
1043 728 1220 782 aliena
1253 727 1504 782 videmus

211 804 419 860 reicere
453 804 510 859 in
544 808 725 860 terras
756 806 1024 874 naturam,
1057 803 1340 872 multaque
1374 804 1551 858 caeeis

208 881 531 952 corporibus
561 882 778 951 fugiunt
811 898 845 936 e
879 897 1106 951 corpore
1141 880 1354 950 percita
1386 879 1581 951 plagis,
1842 893 1918 936 ⁷15

206 974 347 1026 quae
380 975 562 1028 neque
592 957 801 1014 conecti
837 975 1107 1027 quoquam
1141 960 1374 1027 potuere
1407 973 1586 1026 neque
1620 956 1768 1011 intus

206 1034 386 1089 vitalis
418 1039 604 1091 motus
636 1035 944 1091 consentire
976 1037 1142 1102 atque
1176 1033 1392 1088 imitari.

206 1111 305 1164 sed
339 1128 409 1167 ne
443 1113 589 1168 forte
622 1116 787 1182 putes
820 1110 1074 1166 animalia
1108 1110 1222 1165 sola
1255 1109 1432 1164 teneri
1458 1148 1461 1151 -

203 1187 418 1255 legibus
453 1189 620 1257 hisee,
655 1206 721 1244 ea
754 1205 847 1243 res
880 1188 1022 1242 ratio
1062 1186 1412 1242 disterminat
1447 1187 1635 1242 omnis

202 1280 327 1318 nam
363 1265 534 1319 veluti
570 1268 689 1319 tota
722 1269 921 1318 natura
957 1263 1248 1318 dissimiles
1281 1266 1410 1318 sunt
1834 1277 1913 1319 ⁷20

201 1340 349 1394 inter
385 1358 447 1395 se
479 1343 700 1409 genitae
735 1359 828 1395 res
860 1356 1122 1408 quaeque,
1157 1339 1240 1394 ita
1273 1357 1543 1409 quamque
1577 1344 1853 1395 necessest

202 1415 450 1472 dissimili
487 1422 736 1473 constare
773 1418 950 1483 figura
985 1415 1414 1484 principiorum3

201 1510 306 1547 uon
343 1511 450 1561 quo
485 1494 660 1548 multa
694 1509 888 1562 parum
924 1491 1086 1545 simili
1123 1492 1233 1546 sint
1267 1495 1521 1561 praedita
1554 1495 1742 1561 forma,

198 1569 299 1623 sed
333 1571 461 1640 quia
493 1586 600 1623 non
635 1569 794 1636 volgo
828 1568 983 1638 paria
1016 1568 1265 1621 omnibus
1300 1571 1479 1624 omnia
1512 1573 1778 1626 constent.

198 1647 404 1700 semina
436 1663 562 1700 cum
595 1660 758 1714 porro
794 1644 1017 1712 distent,
1055 1643 1278 1698 differre
1314 1650 1595 1702 necessust
1827 1659 1905 1701 ⁷ae

197 1721 484 1777 intervalla
514 1722 631 1776 vias
663 1737 899 1775 conexus
931 1720 1182 1790 pondera
1212 1721 1404 1790 plagas

196 1815 487 1854 concursus
520 1802 716 1866 motus,
753 1813 896 1867 quae
929 1807 1039 1853 n'en
1074 1797 1325 1851 animalia
1359 1798 1530 1852 solum

195 1891 426 1943 corpora
460 1875 763 1944 seiungunt,
796 1874 896 1928 sed
927 1877 1111 1931 terras
1145 1891 1209 1928 ae
1244 1890 1397 1928 mare
1431 1878 1609 1929 totum

114 1994 153 2057 ἡ
194 1955 486 2082 εοείἕηιιιῃΐ,
518 1952 834 2083 οηέξιιῖἣᾳιιθ
868 1967 904 2006 a
935 1951 1102 2082 aeglri‘s
1136 1954 1629 2082 ‘'mne-tgetffflssgaut'

317 2046 422 2083 unc
458 2046 562 2097 age
634 2047 682 2083 ic
778 2044 902 2083 meo
1033 2044 1083 2082 ei
1118 2044 1307 2097 quaesi
1421 2044 1454 2079 a
1526 2045 1588 2082 re
1825 2041 1902 2084 ⁷³0

191 2105 431 2175 percipe,
463 2123 534 2159 ne
568 2105 713 2159 forte
744 2106 879 2159 haee
912 2103 1051 2158 albis
1086 2120 1155 2158 ex
1190 2101 1314 2156 alba
1348 2103 1520 2156 rearis

188 2181 472 2251 principiis
504 2197 639 2246 esse,
673 2184 805 2234 ante
837 2179 1022 2234 oculos
1052 2195 1195 2247 quae
1228 2176 1464 2232 candida
1494 2178 1687 2244 cernis,

189 2260 286 2310 aut
320 2273 384 2310 ea
417 2273 557 2324 quae
589 2255 810 2323 nigrant
841 2255 997 2320 nigro
1032 2253 1105 2307 de
1141 2253 1348 2307 semine
1379 2255 1539 2317 natm

187 2333 312 2386 nive
345 2332 511 2385 alium
545 2329 791 2398 quemvis
823 2344 965 2397 quae
999 2330 1126 2382 sunt
1161 2327 1353 2381 inbuta
1386 2328 1636 2394 colorem,

188 2411 482 2478 propterea
514 2421 708 2474 gerere
741 2404 886 2458 hune
920 2403 1127 2472 credas,
1161 2403 1308 2472 quod
1343 2403 1592 2459 materiai
1819 2417 1896 2460 ⁷35

189 2499 415 2553 corpora
448 2480 713 2536 consimili
746 2480 856 2534 sint
889 2478 1007 2534 eius
1038 2479 1216 2537 tincta
1247 2480 1439 2537 colore.

186 2561 365 2614 nullus
400 2559 543 2614 enim
578 2557 725 2612 eolor
758 2559 847 2611 est
879 2556 1097 2611 omnino
1131 2558 1379 2617 materiai

186 2636 513 2706 corporibus,
546 2651 726 2704 neque
757 2649 863 2704 par
892 2632 1058 2691 rebus
1089 2650 1269 2703 neque
1290 2633 1538 2703 fdenique
1571 2634 1774 2705 dispar.

184 2713 239 2766 in
276 2730 415 2781 quae
449 2728 679 2782 corpora
711 2711 757 2765 si
791 2710 970 2765 nullus
1001 2709 1105 2767 tibi
1137 2711 1284 2767 forte
1315 2712 1533 2769 videtur

183 2805 347 2855 posse
382 2789 546 2841 animi
582 2788 813 2843 iniectus
847 2787 979 2854 fieri,
1014 2788 1205 2857 procul
1244 2789 1394 2845 avius
1431 2806 1598 2843 erras.
1814 2803 1890 2844 740

182 2881 307 2918 nam
344 2881 467 2917 eum
502 2865 789 2933 caecigeni‚
823 2865 950 2918 solis
984 2865 1077 2934 qui
1111 2865 1329 2923 lumina.
1350 2882 1641 2933 numquam

185 2940 490 3008 dispexere,
525 2943 710 2995 tamen
745 2944 1072 3008 cognoscant
1106 2958 1334 3011 corpora
1367 2945 1533 3007 tactu,

93 3023 162 3059 ⁷⁴⁴
186 3016 327 3070 seire
360 3015 491 3069 licet
523 3020 743 3070 nostrae
777 3033 994 3086 quoque
1027 3018 1201 3073 menti
1236 3034 1463 3086 corpora
1495 3033 1658 3086 posse

228 3092 325 3146 “rti
359 3092 417 3145 in
452 3092 701 3146 notitiam
735 3092 883 3146 nullo
917 3094 1119 3148 circum
1157 3095 1256 3148 lita
1287 3095 1425 3148 fuco,

276 3168 420 3237 ique
452 3184 551 3224 nos
583 3168 689 3238 ipsi
724 3168 899 3223 caecis
931 3186 1308 3238 quaecumque
1340 3169 1584 3224 tenebris
1812 3186 1885 3226 ⁷45
