2259 3442
1108 107 1204 160 xiii

318 256 325 265 ’
403 242 522 292 453.
592 253 815 307 prorsus
839 238 1121 293 adsentior
1158 238 1421 293 Lambino
1454 237 1599 292 hunc
1632 254 1854 293 versum
1876 238 2004 294 eici-

295 324 424 379 enti.
497 322 879 378 Lachmannus
910 341 1010 393 pro
1034 336 1196 384 QUOD
1231 326 1451 395 scripsit
1480 343 1604 379 cum
1642 325 1719 379 M.
1758 326 2005 395 Hauptio

296 410 473 478 quasi.
529 409 575 462 si
597 409 672 462 ‘de
695 410 903 479 liquido
927 427 1199 480 papavere
1220 412 1309 466 hic
1332 413 1532 481 agitur,
1557 412 1895 482 ineptissima
1918 417 2004 467 est

296 492 567 550 sententia
587 516 601 561 ;
634 496 718 549 sin
743 500 928 551 autem
953 497 1025 554 de
1048 498 1238 567 solido,
1263 499 1413 553 falsa.

400 587 699 637 460-463.
775 583 846 637 de
882 583 970 638 his
1011 584 1263 639 versibus
1302 585 1580 654 disputavi
1621 585 1678 639 in
1714 602 1836 640 ann.
1872 585 2004 654 phil.

298 668 456 722 Cant.
497 683 522 722 1
567 686 621 738 p.
669 673 755 724 39.
823 668 881 722 in
924 686 1146 724 versum
1188 675 1291 725 460
1339 682 1500 722 SAXA
1538 687 1608 724 ex
1656 673 1757 728 447
1800 670 2002 724 malum

295 754 497 824 pedem
554 756 806 811 attulisse
865 756 1100 812 videtur.
1199 757 1329 811 olim
1391 757 1741 813 scribendum
1799 758 2002 813 conieci

285 841 498 909 ,fauce-e,
548 838 699 911 quod
743 844 1049 898 sententiae
1105 848 1259 899 certe
1316 845 1450 900 satis
1509 845 1662 900 facit?
1706 844 2004 899 Lachman-

298 942 401 979 nus
422 944 543 982 sese.
582 933 685 983 462
708 929 965 984 facillima
980 930 1364 985 emendatione
1381 948 1481 1000 pro
1505 942 1786 982 SEDATUM
1809 930 2003 1000 scripsi

296 1010 378 1063 sic
401 1011 595 1066 latum.
647 1012 1029 1068 Lachmannus
1053 1015 1110 1068 in
1135 1020 1234 1069 461
1263 1031 1364 1084 pro
1387 1026 1661 1067 VIDEMUS
1684 1014 1825 1084 legit
1846 1030 2004 1070 vene-

298 1104 494 1151 num-<st
517 1102 575 1153 et
597 1099 655 1152 in
680 1105 783 1154 462
806 1102 906 1155 sed
925 1117 1139 1155 rarum
1161 1118 1263 1171 pro
1287 1113 1585 1155 SEDATUM.

403 1190 505 1238 465
528 1201 629 1255 pro
653 1199 845 1242 DEBE'I'
877 1188 1071 1258 scripsi
1098 1189 1308 1243 habeto,
1346 1187 1729 1241 Lachmannus
1752 1186 2001 1253 habebis,-

299 1271 449 1342 quod
473 1273 654 1327 verius
680 1277 843 1342 putat
868 1290 1033 1342 quam
1056 1273 1289 1341 periisse
1313 1289 1546 1327 versum.

404 1366 504 1418 467
552 1360 691 1437 libri⁴
725 1371 827 1411 Im*
857 1372 894 1410 E
923 1370 1178 1410 LEVIBUS
1205 1370 1400 1418 ATQUE
1439 1371 1732 1415 RUTUNDI.
1805 1359 2003 1415 horum

298 1447 684 1502 vocabulorum
720 1451 936 1518 partem
972 1449 1124 1500 certe
1160 1463 1191 1501 o
1226 1446 1593 1515 praecedente
1631 1464 1795 1501 versu
1831 1447 2004 1516 irrep-

298 1534 433 1588 sisse
478 1537 724 1603 apparet.
800 1533 1182 1586 Lachmannus
1230 1533 1348 1599 Est,
1389 1538 1440 1586 ec
1490 1532 1685 1586 levibu’
1722 1539 1858 1586 sunt
1895 1533 2003 1586 ali-

302 1620 465 1673 unde.
538 1619 866 1688 Bernaysius
886 1615 1009 1686 Est,
1045 1624 1096 1671 et
1117 1618 1384 1684 squalida
1407 1624 1542 1672 sunt
1566 1617 1698 1671 illis.
1759 1621 1833 1681 et,
1857 1633 2001 1671 eom-

298 1710 490 1776 parato
513 1711 633 1774 469,
656 1705 918 1772 squalida
955 1703 1180 1773 quidem
1214 1704 1584 1758 necessarium
1615 1704 1868 1770 videtui-3
1903 1704 2003 1758 sed

300 1796 314 1818 ‘
332 1792 676 1846 mirationem
699 1791 908 1844 faciunt
942 1789 1062 1844 illa’
1099 1806 1342 1858 corpora
1378 1790 1603 1858 doloris,
1636 1790 1738 1844 hoc
1763 1793 1864 1858 est,
1889 1807 2001 1845 cor-

298 1893 435 1946 pora
471 1894 613 1946 quae
650 1877 857 1930 faciunt
900 1875 1160 1930 dolorem.
1233 1892 1405 1945 quare
1441 1891 1661 1929 versum
1704 1875 1782 1928 sic
1818 1875 2001 1944 potius

301 1961 549 2031 supplevi
573 1961 692 2028 Est,
715 1967 766 2013 et
787 1961 1050 2027 squalida
1074 1961 1261 2014 multa
1283 1967 1495 2014 creant.

406 2048 700 2103 471—477.
789 2047 1079 2100 emendata
1129 2045 1566 2114 interpunctione
1613 2045 2003 2115 geminataque

300 2149 408 2186 una
430 2131 677 2187 litterula
700 2131 819 2203 (pro
842 2143 959 2192 QUO
982 2144 1170 2184 MAGIS
1202 2131 1394 2200 scripsi
1426 2147 1595 2197 quom
1631 2131 1834 2197 mamb>
1858 2130 2003 2184 hunc

299 2220 492 2287 locum,
516 2220 620 2273 nisi
645 2219 817 2288 fallor,
843 2219 1109 2288 expedivi.
1182 2218 1573 2283 Lachmannus,
1597 2220 1699 2275 476
1733 2220 1863 2271 ante
1898 2220 2002 2275 474

301 2303 586 2373 collocat0,·
617 2304 798 2359 effecit
842 2307 1031 2359 tamen
1078 2303 1424 2358 durissimam
1468 2303 1729 2358 orationis
1766 2306 2002 2358 structu-

300 2406 433 2443 ram.

402 2481 503 2531 483
550 2493 651 2545 pro
715 2489 836 2537 QUE
878 2489 949 2529 IN
1010 2476 1202 2545 scripsi
1265 2476 1553 2544 quoniam.
1623 2475 2001 2530 Lachmannus

299 2560 566 2628 Namque
589 2561 780 2615 eadem
804 2562 997 2617 unius.
1035 2562 1102 2615 cf.
1128 2579 1250 2615 ann.
1275 2561 1404 2630 phil.
1431 2561 1593 2616 Cant.
1620 2576 1642 2615 1
1666 2578 1717 2630 p.
1744 2567 1832 2617 32.

404 2647 539 2703 Post
586 2654 683 2703 501
734 2653 870 2718 puto
917 2648 1231 2702 huiusmodi
1273 2647 1617 2701 intercidisse
1667 2665 1886 2702 versum
1923 2649 2001 2703 Et

296 2750 435 2801 quos
462 2735 761 2789 ostendunt
795 2735 861 2788 in
898 2735 1030 2787 solis
1061 2735 1181 2788 luce
1207 2733 1424 2788 colores.
1483 2738 1584 2785 502
1622 2732 2001 2790 Lachmannus

295 2821 516 2889 Aurea,
532 2838 597 2889 p.
624 2837 673 2874 r.
702 2821 933 2874 imitata
956 2822 988 2874 l.

403 2910 502 2965 517
528 2924 629 2977 pro
653 2919 840 2960 OMNIS
872 2918 1028 2958 ENIM
1052 2905 1185 2960 dedi
1210 2906 1448 2960 Extima
1470 2906 1639 2960 enim.
1703 2905 2001 2960 Lachman-

296 3008 400 3046 nus
425 2992 624 3048 Ambit
652 2993 823 3046 enim.
894 2995 1144 3046 ceterum
1177 2997 1279 3044 515
1317 2988 1653 3043 Lachmanni
1685 2989 1798 3045 iter
1827 3006 2001 3055 usque

296 3095 397 3147 pro
437 3090 765 3138 HIEMISQUE
806 3095 914 3133 non
956 3076 1253 3131 admodum
1301 3076 1497 3144 placet,
1546 3090 1878 3142 quamquam
1925 3073 2000 3125 nil

296 3165 493 3220 melius
516 3165 713 3220 afferre
735 3181 972 3234 possum.
