2259 3442
211 90 291 153 94
1005 88 1149 146 1111

209 208 383 262 usque
406 191 545 246 adeo
568 189 820 245 omnibus
843 190 915 245 ab
935 191 1102 245 rebus
1123 206 1216 245 res
1238 205 1491 259 quaeque
1515 187 1754 243 fluenter
1828 203 1924 277 ἐκ

206 270 384 323 fertur
418 272 480 322 ct
512 268 571 322 in
604 271 827 322 cunctas
861 267 1163 323 dimittitur
1197 266 1443 335 undique
1478 265 1654 335 partis

205 362 309 400 nec
343 362 497 400 mora
531 363 628 400 nec
664 346 883 416 requies
919 345 1232 399 interdatur
1266 343 1377 396 ulla
1412 343 1633 406 fluendi,

206 426 473 491 perpetuo
511 423 763 491 quoniam
800 422 1079 487 sentimus,
1116 424 1176 475 et
1211 420 1391 473 omnia
1426 436 1644 488 semper

206 515 431 553 cernere
466 498 685 551 odorari
721 498 851 552 licet
886 502 945 551 et
982 497 1190 551 sentire
1226 512 1433 550 sonare.

276 574 573 629 Praeterea
608 575 863 642 quoniam
898 573 1150 627 manibus
1184 577 1426 627 tractata
1459 571 1634 639 figura
1848 587 1921 627 230

202 651 262 706 in
297 651 546 706 tenebris
578 650 850 718 quaedam
886 650 1230 718 cognoscitur
1266 665 1388 703 esse
1422 648 1616 703 eadem
1653 664 1795 718 quae

202 728 448 782 cernitur
479 727 536 780 in
571 726 693 780 luce
728 729 787 780 et
821 725 970 780 claro
1006 727 1261 794 candore,
1294 729 1569 780 necessest

202 804 466 858 consimili
501 820 663 858 eausa
697 806 908 857 tactum
943 804 1230 873 visumque
1264 801 1486 856 moveri.

202 897 344 939 nunc
380 880 550 949 igitur
586 879 632 933 si
669 879 998 948 quadratum
1036 883 1374 949 temptamus
1409 882 1468 933 et
1503 878 1564 932 id
1598 895 1697 934 nos

200 961 506 1011 commovet
541 957 595 1010 in
632 956 893 1024 tenebris,
929 955 987 1009 in
1022 955 1129 1010 luci
1166 973 1307 1025 quae
1341 957 1546 1026 poterit
1580 973 1672 1010 res
1846 972 1951 1011 235-

203 1033 454 1091 accidere
490 1034 563 1088 ad
599 1033 840 1103 speciem
879 1032 1165 1102 quadrata,
1200 1033 1305 1086 nisi
1342 1034 1460 1087 eius
1483 1033 1710 1100 ⁴imago?

202 1127 322 1164 esse
356 1111 411 1164 in
450 1110 779 1178 imaginibus
818 1114 1158 1179 quapropter
1194 1127 1356 1164 causa
1389 1109 1612 1164 videtur

200 1187 467 1241 cernundi
502 1203 681 1256 neque
717 1203 877 1256 posse
913 1188 1031 1240 sine
1065 1186 1152 1240 his
1188 1202 1277 1240 res
1313 1186 1425 1241 ulla
1459 1185 1650 1241 videri.

200 1280 342 1327 nunc
379 1280 447 1318 ea
482 1281 623 1333 quae
659 1264 784 1318 dico
818 1280 1000 1317 rerum
1037 1263 1325 1316 simulacra
1359 1264 1611 1317 feruntur

198 1340 444 1413 undique
479 1345 539 1395 et
571 1341 627 1393 in
664 1347 887 1395 cunctas
921 1341 1194 1394 iaciuntur
1231 1339 1407 1395 didita
1440 1340 1627 1409 partis.
1842 1354 1918 1395 210

199 1434 389 1471 verum
425 1435 525 1471 nos
560 1417 731 1470 oculis
768 1417 895 1486 quia
931 1416 1060 1470 solis
1095 1434 1324 1471 cernere
1358 1417 1590 1486 quimus,

198 1497 493 1562 propterea
530 1494 594 1547 fit
628 1493 729 1560 uti,
765 1493 1000 1561 speciem
1039 1510 1148 1561 quo
1186 1493 1465 1560 vertimuS,
1503 1510 1691 1548 omnes

198 1585 288 1623 res
322 1568 399 1623 ibi
434 1586 554 1623 eam
591 1573 785 1622 contra
821 1569 1021 1623 feriant
1055 1571 1231 1623 forma
1266 1573 1439 1639 atque
1473 1570 1667 1625 colore.

196 1649 257 1702 ct
291 1651 557 1715 quantum
594 1661 843 1713 quaeque
879 1645 951 1698 ab·
984 1645 1143 1699 nobis
1179 1662 1268 1700 res
1302 1646 1465 1714 absit,
1501 1647 1678 1714 imago

197 1722 365 1777 efficit
398 1726 463 1777 ut
496 1723 780 1777 videamus
815 1726 874 1777 et
910 1723 1283 1778 internoscere
1316 1728 1488 1778 curat.
1840 1737 1914 1777 245

195 1815 323 1853 nam
358 1815 481 1854 cum
519 1799 775 1865 mittitur,
810 1799 1088 1868 extemplo
1124 1799 1407 1869 protrudit
1441 1799 1668 1870 agitque

195 1893 323 1930 aera
357 1876 450 1943 qui
483 1876 630 1931 inter
665 1892 723 1930 sc
759 1892 992 1946 cumque
1028 1880 1115 1931 est
1151 1877 1445 1946 oculosque
1481 1877 1705 1944 locatus,

193 1952 351 2022 isque
386 1954 466 2008 ita
499 1970 600 2023 per
634 1957 850 2008 nostras
885 1955 1030 2008 acies
1065 1954 1371 2022 perlabitur
1403 1954 1580 2008 omnis

196 2035 257 2083 et
292 2031 446 2100 quasi
480 2035 768 2099 perterget
804 2030 1041 2099 pupillas
1077 2034 1245 2099 atquo
1280 2031 1362 2084 ita
1395 2031 1614 2085 transit.

107 2121 166 2152 2⁵¹
195 2110 488 2176 propterea
524 2108 589 2161 fit
621 2106 702 2160 uti
741 2106 1022 2160 videamus
1057 2123 1222 2180 quam
1258 2106 1446 2174 procul
1481 2106 1627 2160 absit
1840 2119 1915 2159 250

107 2200 171 2230 2⁵0
195 2199 285 2237 res
321 2199 585 2251 quaeque.
622 2187 681 2235 ct
718 2185 925 2250 quanto
961 2183 1085 2250 plus
1117 2183 1260 2235 aeris
1295 2184 1426 2235 ante
1459 2181 1704 2249 agitatur

195 2262 255 2312 et
290 2262 505 2312 nostros
541 2257 726 2312 oculos
761 2261 1047 2324 perterget
1083 2256 1296 2324 longior
1327 2272 1475 2321 aura,

195 2338 309 2387 tam
346 2333 532 2402 procul
568 2349 689 2385 esse
724 2331 899 2399 magis
935 2349 1024 2386 res
1060 2349 1313 2402 quaeque
1348 2335 1563 2386 remota
1594 2331 1832 2386 videtur.

194 2408 403 2462 scilicet
438 2407 573 2461 haee
609 2423 819 2461 summe
855 2407 1019 2462 celeri
1058 2408 1271 2464 ratione
1307 2411 1593 2477 geruntur,

194 2483 354 2553 quale
390 2484 462 2538 sit
498 2489 561 2537 ut
595 2483 877 2538 videamus
913 2488 973 2539 et
1007 2501 1116 2539 una
1151 2502 1316 2554 quam
1351 2486 1541 2556 procul
1577 2485 1734 2541 absit.
1837 2500 1912 2541 255

194 2560 330 2615 illud
360 2560 421 2624 in
456 2560 544 2614 his
578 2560 742 2621 rebus
778 2561 1000 2625 minime
1034 2562 1284 2623 mirabile
1319 2561 1702 2632 habendumst‚

193 2654 307 2708 cur,
343 2655 410 2693 ea
444 2654 586 2709 quae
619 2638 820 2693 feriant
856 2640 1041 2709 oculos
1076 2640 1364 2696 simulacra
1397 2641 1576 2696 videri

195 2715 409 2783 singula
443 2733 565 2770 cum
601 2720 891 2785 nequeant,
926 2734 1015 2772 res
1048 2717 1203 2787 ipsae
1237 2717 1654 2788 perspiciantur.

194 2796 392 2846 ventus
425 2793 568 2847 enim
606 2810 824 2862 quoque
857 2795 1124 2864 paulatim
1159 2812 1284 2851 cum
1318 2794 1576 2851 verberat
1610 2801 1670 2851 et
1703 2813 1827 2851 cum

108 2881 172 2913 ποι
195 2883 319 2920 aere
354 2868 474 2922 fluit
508 2868 697 2938 frigus,
732 2888 840 2925 non
876 2872 1089 2940 privam
1125 2889 1398 2943 quamque
1435 2873 1669 2927 solemus
1837 2888 1913 2946 zoe

109 2961 173 2994 κο
195 2944 517 3012 particulam
552 2946 703 3001 'venti
740 2947 945 3003 sentire
980 2953 1040 3005 et
1073 2950 1294 3019 frigoris
1328 2949 1459 3013 eius,

196 3019 296 3073 sed
330 3022 506 3088 magis
540 3038 816 3091 morsum,
852 3026 1081 3097 fierique
1116 3027 1347 3097 perinde
1380 3025 1631 3081 videmus

194 3112 421 3166 corpore
456 3100 576 3159 tum
610 3099 801 3168 plagas
834 3101 890 3155 in
926 3107 1114 3158 nostro
1150 3107 1265 3157 tam
1303 3119 1465 3173 quam
1501 3102 1731 3172 aliquae,
1749 3121 1840 3161 res

194 3171 452 3228 verberet
485 3176 655 3243 atque
687 3175 772 3229 sui
808 3177 906 3231 det
941 3195 1158 3234 sensum
1195 3179 1434 3249 corporis
1469 3184 1641 3235 extra.
