2259 3442
274 210 599 263 perparvom
637 195 900 263 quiddam
939 195 1216 249 interdum
1253 199 1468 251 mutare
1502 196 1724 250 videtur

276 272 507 325 alteram
542 273 725 325 utram
760 270 818 323 in
853 275 1068 340 partem
1103 271 1273 339 filum,
1309 288 1416 340 quo
1451 272 1662 340 longius
1696 271 1925 339 absunt3

184 364 249 396 09⁴
277 350 418 404 scire
454 347 583 402 licet
618 363 885 416 perquam
920 348 1160 417 pauxillo
1196 365 1357 417 posse
1393 348 1630 403 minores
1911 365 1988 403 590

276 442 398 479 csse
433 425 519 478 vel
556 424 756 492 exigua
789 424 1007 477 maioris
1042 428 1203 494 parte
1239 424 1517 495 brevique.

184 509 249 543 ⁵⁹⁰
349 501 498 555 Illud
532 501 666 556 item
701 516 808 553 non
846 504 933 554 est
969 501 1291 569 mirandum,
1329 518 1438 570 qua
1471 499 1683 557 ratione

278 578 522 632 tantulus
558 577 649 631 ille
686 580 856 646 queat
890 581 1109 630 tantum
1146 577 1226 631 sol
1262 578 1488 633 mittere
1523 578 1722 645 lumen,

277 654 426 723 quod
462 655 633 707 maria
668 671 730 707 ac
766 649 963 707 terras·
981 654 1154 707 omnis
1190 655 1510 724 caelumque
1544 655 1774 723 rigando

279 730 548 797 compleat
584 735 643 783 et
677 729 855 784 calido
889 729 1187 799 perfundat
1223 735 1419 785 cuncta
1451 748 1668 801 vapore.
1909 747 1983 786 595

183 822 249 857 ⁵97
276 822 403 859 nam
439 806 570 860 licet
604 806 730 860 hinc
765 807 955 864 mundi
992 808 1333 876 patefactum
1369 808 1542 861 totius
1576 824 1744 861 unum

274 882 583 950 largifluum
618 884 829 938 fontem
865 887 1077 938 scatere
1113 887 1281 953 atquc
1316 900 1604 952 erumpere
1640 883 1837 951 lumen,
2233 923 2259 960 Α

275 976 346 1013 cx
382 960 527 1012 omni
563 959 769 1013 mundo
804 959 934 1028 quia
969 960 1047 1014 sic
1084 960 1356 1013 clementa
1388 961 1605 1029 vaporis

273 1036 515 1105 undique
549 1038 877 1092 conveniunt
912 1040 971 1091 et
1007 1037 1083 1090 sic
1120 1037 1398 1091 coniectus
1435 1054 1622 1091 eorum
1905 1051 1981 1090 000

273 1113 512 1180 confluit,
550 1130 619 1166 ex
657 1131 763 1168 uno
798 1114 979 1183 capite
1013 1114 1104 1167 hic
1138 1116 1201 1167 ut
1235 1113 1471 1182 profluat
1508 1114 1685 1167 ardor.

273 1207 452 1244 nonne
485 1190 639 1244 vides
675 1190 843 1244 etiam
882 1206 1045 1259 quam
1081 1190 1195 1243 late
1228 1206 1428 1258 parvus
1464 1190 1624 1259 aquai

272 1272 432 1335 prata
466 1267 609 1334 rigct
644 1264 766 1320 fons
800 1267 1078 1321 interdum
1115 1266 1428 1335 campisque
1464 1266 1774 1320 redundet?

272 1348 359 1397 est
394 1343 557 1397 etiam
594 1360 811 1411 quoque
845 1344 927 1397 uti
962 1359 1068 1395 non
1105 1359 1302 1411 magno
1321 1343 1471 1396 'solis
1502 1341 1572 1396 ab
1607 1342 1720 1409 igni

271 1436 401 1472 aera
433 1419 699 1487 percipiat
721 1419 928 1472 *calidis
963 1419 1268 1472 fervoribus
1304 1418 1484 1488 ardor,
1901 1432 1976 1472 005

271 1499 608 1563 opportunus
644 1494 725 1547 ita
760 1498 846 1548 est
880 1495 925 1547 si
960 1494 1105 1547 forte
1142 1498 1200 1548 et
1234 1495 1461 1549 idoneus
1496 1512 1606 1561 aer,
1834 1525 1837 1526 ν

270 1574 335 1624 ut
370 1574 537 1639 queat
571 1571 796 1624 accendi
831 1570 1016 1640 parvis
1051 1570 1338 1625 ardoribus
1375 1571 1544 1638 ictus3

271 1647 420 1716 quod
453 1663 625 1714 genus
660 1647 939 1700 interdum
978 1653 1194 1715 segetes
1232 1648 1595 1717 stipulamque
1631 1648 1880 1702 videmus

270 1722 531 1778 accedere
548 1739 636 1784 «ex
672 1739 781 1777 una
816 1723 1047 1777 scintilla
1081 1723 1333 1789 incendia
1366 1725 1582 1793 passim.

268 1801 498 1855 forsitan
535 1803 593 1854 et
628 1816 785 1854 rosea
820 1800 899 1854 sol
935 1800 1047 1854 alte
1082 1799 1336 1869 lampade
1372 1800 1559 1854 lucens
1898 1814 1974 1853 610

267 1878 547 1946 possideat
583 1877 817 1931 multum
853 1877 1028 1931 caecis
1062 1877 1365 1930 fervoribus
1401 1877 1582 1945 ignem

267 1955 471 2012 circum
507 1972 580 2021 se,
618 1954 767 2008 nullo
804 1955 895 2023 qui
933 1954 1007 2008 sit
1042 1954 1253 2021 fulgore
1289 1956 1526 2020 notatus,

267 2032 488 2085 aestifer
524 2034 587 2085 ut
622 2035 837 2085 tantum
874 2030 1152 2083 radiorum
1191 2033 1460 2097 exaugeat
1495 2030 1678 2083 ictum.

335 2108 389 2161 N
392 2125 454 2161 ec
490 2108 630 2161 ratio
669 2108 797 2161 solis
835 2107 1065 2176 simplex
1101 2114 1153 2161 ec
1189 2109 1340 2159 certa
1375 2106 1624 2174 patescit,

266 2201 375 2253 quo
411 2188 571 2252 pacto
606 2184 829 2237 aestivis
866 2200 898 2237 e
933 2182 1183 2251 partibus
1219 2182 1554 2250 aegocerotis
1897 2194 1970 2232 015

265 2260 525 2314 brumalis
561 2261 727 2313 adeat
762 2259 936 2313 flexus
973 2263 1143 2326 atque
1177 2258 1306 2311 inde
1343 2262 1626 2312 revertens

266 2337 443 2389 cancri
481 2353 538 2390 sc
574 2339 637 2389 ut
673 2339 854 2389 vertat
888 2338 1065 2388 metas
1100 2334 1173 2388 ad
1210 2334 1523 2400 solstitialia,
2222 2261 2259 2476 A

264 2413 497 2479 lunaque
532 2411 807 2465 mensibus
842 2410 902 2463 id
938 2411 1173 2478 spatium
1210 2410 1466 2463 videatur
1501 2409 1668 2475 obire,

264 2506 443 2543 annua
477 2489 555 2542 sol
590 2489 646 2541 in
684 2505 792 2557 quo
829 2487 1096 2541 consumit
1132 2491 1383 2557 tempora
1417 2503 1592 2540 cursu.

262 2582 385 2633 non,
421 2566 657 2633 inquam,
696 2565 925 2633 simplex
960 2564 1045 2617 his
1081 2564 1247 2618 rebus
1283 2562 1506 2616 reddita
1539 2565 1769 2615 causast.
1897 2574 1969 2613 020

261 2659 389 2696 nam
424 2644 542 2697 fieri
578 2643 663 2697 vel
700 2659 823 2696 cum
859 2642 1049 2712 primis
1084 2640 1144 2693 id
1179 2656 1338 2709 posse
1371 2639 1608 2704 videtur,

262 2719 562 2773 Democriti
598 2720 747 2788 quod
784 2722 973 2772 sancta
1007 2718 1108 2770 viri
1145 2716 1419 2770 sententia
1453 2715 1623 2783 ponit,

262 2800 465 2860 quanto
501 2813 749 2864 quaeque
787 2797 957 2862 magis
993 2794 1102 2847 sint
1136 2797 1343 2846 terram
1380 2791 1565 2844 sidera
1597 2791 1840 2857 propter,

260 2873 414 2923 tanto
449 2887 610 2937 posse
645 2888 824 2926 minus
859 2887 982 2924 cum
1019 2868 1156 2922 caeli
1190 2866 1411 2921 turbine
1444 2866 1591 2919 ferri.
2134 2927 2141 2934 ·
2258 2919 2259 2940 ἶ

260 2963 582 3001 evanescere
618 2950 761 3002 enim
795 2946 1016 3016 rapidas
1052 2944 1198 2998 illius
1234 2947 1294 2998 et
1328 2943 1465 2996 acris
1894 2954 1966 2993 025
2258 2945 2259 2960 ³

258 3022 504 3075 imminui
543 3028 733 3091 supter
767 3024 910 3088 viris,
944 3022 1183 3089 ideoque
1218 3019 1451 3086 relinqui

258 3097 522 3166 paulatim
559 3099 726 3152 solem
762 3115 886 3152 cum
920 3094 1301 3166 posterioribu'
1341 3093 1526 3161 signis,

261 3173 274 3183 ‘
321 3171 479 3224 ‘'n-ior
513 3171 688 3225 multo
724 3173 874 3241 quod
909 3173 982 3225 sit
1017 3188 1184 3241 quam
1217 3168 1427 3223 fervida
1461 3169 1632 3235 signa.
2220 2965 2259 3264 ¹]
