2259 3442
223 114 303 171 26
1068 113 1094 166 1

216 213 543 281 finitumque
580 212 737 278 foret,
772 213 879 265 iam
916 212 1073 280 copia
1108 212 1364 267 materiai

213 289 461 359 undique
493 287 827 357 ponderibus
864 287 1053 341 solidis
1089 288 1365 356 conflu—xet
1401 289 1474 344 ad
1510 288 1682 345 imum

213 383 317 422 nec
351 383 440 420 res
474 366 586 420 ulla
619 365 738 434 geri
773 363 874 419 sub
910 365 1045 419 caeli
1080 365 1327 432 tegmine
1365 370 1554 434 posset

97 452 110 465 ‘
211 459 314 498 nec
348 443 492 497 foret
526 442 741 495 omnino
777 441 987 495 caelum
1018 453 1208 507 neque
1248 441 1457 496 lumina
1493 443 1638 511 solis,

214 520 417 589 quippo
450 517 544 571 ubi
581 516 843 572 materies
877 517 1054 570 omnis
1089 517 1372 572 cumulata
1406 518 1615 574 iaceret
1861 534 1937 575 9oe

211 612 283 650 ex
317 593 532 649 infinito
567 592 677 647 iam
715 595 962 662 tempore
1000 593 1351 648 subsidendo.
1632 604 1697 714 vr

210 674 271 726 at
301 686 447 724 nunc
480 669 738 723 nimirum
774 671 994 740 requies
1030 658 1164 724 data
1200 670 1591 759 principiorum

210 745 528 816 corporibus
561 745 778 814 nullast,
817 747 947 815 quia
981 747 1057 800 nil
1095 750 1182 801 est
1217 747 1466 801 funditus
1502 747 1673 802 imum

211 839 320 891 quo
355 822 512 893 quasi
548 822 822 877 confluere
858 826 916 878 et
953 823 1115 877 sedes
1154 823 1253 878 ubi
1288 840 1491 893 ponere
1525 824 1751 893 possint.

211 915 427 969 semper
460 900 518 953 in
554 898 786 954 adsiduo
823 902 979 954 motu
1013 916 1105 954 res
1146 917 1397 970 quaeque
1431 904 1699 967 geruntur
1856 914 1931 954 995

208 975 458 1044 partibus
493 993 522 1030 c
556 977 765 1031 cunctis
801 975 1124 1045 infernaque
1161 976 1583 1046 suppeditantur

210 1067 281 1105 ex
316 1052 530 1108 infinito
565 1053 677 1107 cita
712 1068 940 1123 corpora
973 1053 1245 1107 materiai

210 1131 489 1196 postremo
523 1134 653 1184 ante
688 1129 874 1184 oculos
908 1146 999 1184 res
1037 1145 1156 1185 rem
1192 1128 1350 1182 finire
1385 1127 1637 1183 videtur·
1623 1171 1638 1195 ‚

210 1221 308 1259 aer
343 1206 607 1276 dissaepit
643 1206 794 1261 collis
830 1209 998 1275 atque
1034 1222 1165 1260 aera
1198 1207 1429 1273 montes,

210 1284 361 1335 terra
395 1299 545 1336 marc
580 1287 640 1336 et
673 1286 865 1336 contra
898 1299 1050 1336 marc
1085 1285 1266 1336 terras
1302 1282 1561 1336 terminat
1595 1280 1797 1347 omnis;
1834 1295 1930 1336 1000

209 1372 370 1410 omne
407 1357 630 1425 quidem
665 1374 795 1411 vero
831 1358 906 1410 nil
942 1361 1029 1411 est
1064 1358 1214 1425 quod
1250 1358 1406 1412 finiat
1441 1361 1612 1412 extra.

209 1435 296 1484 est
329 1432 501 1499 igitur
533 1436 732 1487 natura
766 1432 871 1486 loci
907 1433 1256 1501 spatiumque
1292 1434 1565 1503 profundi,

209 1506 357 1575 quod
391 1523 569 1576 neque
605 1506 751 1562 clara
787 1524 884 1561 suo
922 1524 1246 1575 percurrere
1284 1509 1513 1564 fulmina
1547 1528 1706 1566 cursu

208 1585 478 1651 perpetuo
513 1583 721 1651 possint
760 1585 879 1638 aevi
916 1583 1162 1638 labentia
1198 1587 1381 1639 tractu

207 1674 308 1712 nec
342 1674 591 1727 prorsum
626 1659 806 1715 facere
840 1663 905 1715 ut
940 1663 1115 1714 restet
1159 1662 1338 1715 minus
1374 1662 1455 1716 ire
1490 1663 1750 1729 meand03
1827 1679 1927 1721 1005

206 1751 380 1803 usquc
416 1734 554 1789 adeo
589 1737 791 1804 passim
826 1740 982 1808 patet
1017 1736 1210 1806 ingens
1252 1739 1408 1808 copia
1443 1739 1611 1793 rebus

209 1811 407 1866 finibus
442 1812 713 1880 exemptis
747 1813 806 1868 in
843 1818 1064 1868 cunctas
1101 1814 1348 1884 undiquc
1384 1816 1572 1885 partis.

164 1888 173 1893 “
282 1888 417 1957 Ipsa
453 1889 678 1943 modum
714 1908 877 1960 porro
913 1891 1017 1946 sibi
1055 1908 1239 1946 rerum
1278 1909 1491 1946 summa
1526 1910 1721 1962 parare

204 1981 274 2019 ne
308 1965 495 2035 possit,
530 1970 730 2021 natura
764 1971 935 2036 tenet,
975 1985 1115 2037 quae
1155 1986 1352 2040 corpus
1389 1969 1536 2023 inani

206 2045 267 2095 ct
302 2042 450 2111 quod
486 2042 646 2097 inane
680 2047 867 2098 autem
903 2048 989 2099 est
1026 2046 1173 2099 finiri
1211 2062 1436 2114 corpore
1471 2046 1635 2114 cogit,
1829 2062 1925 2103 1010

205 2120 270 2170 ut
307 2118 385 2171 sic
417 2119 644 2172 alternis
678 2119 893 2173 infinita
929 2121 1112 2174 omnia
1147 2121 1362 2188 reddat,

205 2195 302 2245 aut
337 2193 504 2246 etiam
540 2194 883 2260 alterutrum,
922 2195 1026 2247 nisi
1062 2196 1324 2248 terminet
1360 2194 1611 2262 alterum,
1648 2209 1838 2251 eorum

207 2268 450 2336 simplice
484 2272 680 2322 natura
714 2272 904 2337 pateat
940 2273 1122 2322 tamen
1158 2268 1573 2323 inmoderatum.

1051 2360 1088 2393 -κ-

204 2435 307 2473 nec
342 2435 493 2472 mare
527 2435 627 2472 nec
663 2417 829 2471 tellus
863 2433 1043 2486 nequc
1079 2418 1219 2472 caeli
1253 2418 1435 2473 lucida
1469 2419 1677 2489 templa

203 2511 306 2549 nec
339 2494 569 2549 mortale
604 2510 775 2562 genus
809 2510 911 2547 nec
948 2493 1139 2547 divum
1174 2511 1401 2564 corpora
1437 2500 1627 2552 sancta
1821 2513 1921 2555 1015

205 2570 461 2640 exiguum
497 2574 721 2641 possent
754 2569 909 2623 horai
944 2570 1143 2624 sistere
1178 2574 1409 2640 tempus.

203 2663 331 2701 nam
367 2648 611 2718 dispulsa.
649 2664 746 2702 suo
783 2647 854 2701 de
889 2650 1050 2702 coetu
1086 2648 1341 2703 materiai

204 2725 358 2812 copia
392 2725 633 2780 ferretur
667 2740 925 2793 magnum
961 2742 1062 2793 per
1096 2725 1260 2780 inane
1297 2725 1489 2796 soluta,

204 2800 317 2854 sive
352 2794 507 2855 adeo
527 2801 711 2871 potius
745 2817 1043 2870 numquam
1079 2806 1334 2858 concreta
1367 2807 1609 2859 creasset

202 2876 370 2930 ullam
406 2893 539 2946 rem,
576 2878 831 2947 quoniam
866 2877 986 2945 cogi
1022 2879 1252 2935 disiecta
1287 2880 1585 2950 nequisset.
1817 2895 1916 2937 1020

203 2968 331 3005 nam
366 2957 517 3007 certe
552 2970 735 3023 neque
770 2954 990 3009 consilio
1026 2956 1328 3045 primordia
1363 2972 1548 3011 rerum

204 3028 396 3083 ordine
431 3046 491 3084 se
527 3047 624 3084 suo
661 3047 910 3101 quaeque
946 3032 1127 3101 sagaci
1162 3036 1348 3087 mente
1383 3031 1630 3088 locarunt

202 3120 305 3157 nec
340 3121 476 3173 quos
513 3123 764 3177 quaeque
799 3108 1005 3161 darent
1039 3115 1228 3163 motus
1253 3109 1524 3178 pepiqere
1547 3110 1819 3182 profecto,

205 3179 300 3235 sed
340 3183 468 3248 quia
501 3182 676 3237 multa
710 3183 886 3237 modis
920 3184 1110 3237 multis
1145 3189 1360 3239 mutata
1393 3202 1495 3256 pcr
1529 3203 1689 3243 omno

2251 3062 2258 3133 ⁴ss
