2259 3442
866 569 1485 638 PRAEFATIO.

1064 802 1270 830 -φ-

432 977 583 1043 Qun>
606 978 663 1031 in
683 976 788 1032 hoc
804 976 1045 1032 carmine
1062 976 1416 1047 perpoliendo
1437 977 1815 1031 Lachmannus
1833 977 2031 1032 eximio

326 1061 585 1127 acumine,
633 1058 943 1114 admirabili
991 1060 1292 1129 diligentia,
1341 1060 1770 1129 exquisitissima
1815 1061 2032 1130 linguae

326 1147 612 1201 universae
657 1163 900 1215 ususque
949 1146 1263 1200 Lucretiani
1312 1147 1540 1201 scientia
1586 1146 1844 1215 effecerit,
1892 1147 2032 1201 adeo

325 1232 576 1286 omnibus
607 1235 797 1285 notum
831 1235 917 1286 est
939 1234 1018 1300 ut,
1045 1232 1090 1286 si
1113 1232 1267 1285 illum
1298 1232 1556 1287 laudibus
1588 1232 1783 1287 efferre
1816 1226 2030 1304 vellem,

325 1318 523 1372 merito
546 1317 892 1387 importunus
916 1333 1038 1371 esse
1063 1316 1350 1372 iudicarcr.
1424 1319 1678 1388 quoniam
1704 1319 1889 1389 igitur,
1914 1319 2033 1389 qui-

324 1421 563 1474 cumque
621 1403 851 1473 posthac
909 1403 983 1458 ad
1025 1404 1431 1459 emendandum
1479 1405 1798 1461 Lucretium
1845 1423 2033 1461 sanam
2114 1458 2123 1465 .

324 1495 503 1547 artem
525 1492 791 1548 adhibere
808 1491 971 1561 volet,
988 1491 1106 1547 eius
1122 1491 1228 1547 viri
1244 1494 1491 1562 vestigiis
1515 1493 1770 1548 insistere
1789 1493 2031 1562 debebit,

324 1580 384 1632 et
409 1577 512 1632 hac
543 1578 614 1633 de
646 1596 707 1633 re
731 1579 840 1633 iam
866 1579 1085 1649 saepius
1110 1579 1385 1650 disputavi
1408 1579 1466 1634 in
1489 1578 1773 1636 annalibus
1803 1579 2032 1650 philolo-

324 1664 459 1731 gieis
497 1665 591 1734 qui
633 1681 809 1734 nuper
847 1664 1237 1734 cantabrigiae
1279 1665 1621 1733 prodierunt,
1666 1667 1725 1719 et
1765 1680 1910 1733 mox,
1948 1664 2031 1718 uti

325 1765 499 1819 spero,
532 1750 706 1805 fusius
744 1750 1050 1806 disserendi
1089 1750 1426 1805 occasionem
1461 1750 1759 1818 nanciscar,
1788 1749 1877 1804 hic
1916 1749 2034 1818 qui-

326 1833 453 1889 dem
471 1833 714 1889 breviter
731 1838 791 1890 et
805 1835 879 1889 ad
902 1834 1192 1889 consilium
1213 1838 1436 1888 nostrae
1460 1833 1718 1888 editionis
1733 1851 2032 1889 accommo-

325 1919 458 1975 date
483 1937 578 1974 eos
600 1923 819 1975 tantum
842 1922 990 1975 locos
1011 1919 1266 1975 indicabo
1289 1920 1347 1973 in
1366 1920 1566 1989 quibus
1590 1920 1801 1990 aliquid
1823 1920 2032 1990 meliuS,

325 2025 490 2075 quam
516 2008 666 2079 quod
699 2024 733 2061 a
764 2008 1109 2062 Lachmanno
1134 2008 1419 2062 inventum
1444 2009 1547 2075 est,
1570 2011 1669 2062 aut
1700 2024 1732 2062 e
1755 2007 2033 2062 codicibus

325 2094 622 2164 sumpsisse
651 2098 748 2149 aut
781 2092 1023 2149 aliorum'
1043 2098 1142 2152 aut
1165 2094 1402 2165 denique
1424 2090 1551 2148 mea
1575 2094 1885 2149 coniectura
1908 2111 2033 2163 rep-

324 2181 533 2250 perisse
589 2181 724 2234 mihi
782 2180 985 2236 videor.
1065 2181 1299 2236 leviores
1359 2179 1757 2252 discrepantias
1816 2179 2031 2233 silentio

324 2266 657 2336 praeteribo,

1016 2466 1253 2525 LIBER·
1290 2467 1335 2521 Ι.

429 2629 499 2679 ὅσ
567 2632 831 2673 TOLLERE
854 2619 991 2675 libri.
1066 2619 1118 2673 N
1123 2619 1278 2673 onius
1314 2618 1551 2688 tendere,
1584 2637 1748 2688 quem
1785 2619 2033 2688 sequitur

327 2706 721 2762 LachmannuS.

432 2799 499 2848 68
569 2802 734 2845 FAMA
758 2803 944 2846 DEUM.
1016 2790 1398 2847 Lachmannus
1432 2807 1555 2845 cum
1589 2790 1842 2845 Bentleio
1859 2792 2029 2856 fana.

327 2879 757 2946 ‘scilicetsama'
781 2879 962 2949 inquit
986 2878 1119 2932 ‘non
1138 2877 1313 2932 omnis
1335 2877 1643 2931 necessario
1668 2893 1881 2944 mayna
1904 2877 2030 2932 est':

325 2984 434 3021 non
459 2967 648 3037 omnis,
665 2966 765 3021 sed
787 2966 1092 3022 necessario
1116 2965 1289 3019 omnis
1313 2964 1681 3029 deumfama.
1745 2963 1822 3016 sic
1847 2961 2033 3015 Livius

327 3068 365 3106 x
405 3057 475 3107 24
513 3052 629 3106 sine
670 3051 783 3106 ullo
825 3052 1070 3121 epitheto
1111 3050 1216 3104 Ad
1249 3051 1487 3115 samam
1527 3047 1736 3117 populi
1775 3045 2033 3100 Romani

325 3137 628 3209 pertinere.
1799 3166 1804 3173 -
