<?xml version="1.0" encoding="UTF-8"?>
<!DOCTYPE html PUBLIC "-//W3C//DTD XHTML 1.0 Transitional//EN"
    "http://www.w3.org/TR/xhtml1/DTD/xhtml1-transitional.dtd">
<html xmlns="http://www.w3.org/1999/xhtml" xml:lang="en" lang="en">
 <head>
  <title>
</title>
<meta http-equiv="Content-Type" content="text/html;charset=utf-8" />
  <meta name='ocr-system' content='tesseract 3.04.00' />
  <meta name='ocr-capabilities' content='ocr_page ocr_carea ocr_par ocr_line ocrx_word'/>
</head>
<body>
  <div class='ocr_page' id='page_1' title='image "./tlucreticarider03unkngoog_0174.png"; bbox 0 0 2259 3442; ppageno 0'>
   <div class='ocr_carea' id='block_1_1' title="bbox 279 103 1144 163">
    <p class='ocr_par' dir='ltr' id='par_1_1' title="bbox 279 103 1144 163">
     <span class='ocr_line' id='line_1_1' title="bbox 279 103 1144 163; baseline -0.005 -1"><span class='ocrx_word' id='word_1_1' title='bbox 279 105 393 163; x_wconf 82' lang='lat'><strong>130</strong></span> <span class='ocrx_word' id='word_1_2' title='bbox 1081 103 1144 158; x_wconf 89' lang='lat' dir='ltr'><strong>V</strong></span> 
     </span>
    </p>
   </div>
   <div class='ocr_carea' id='block_1_2' title="bbox 257 206 1972 3244">
    <p class='ocr_par' dir='ltr' id='par_1_2' title="bbox 269 206 1972 506">
     <span class='ocr_line' id='line_1_2' title="bbox 272 206 1683 283; baseline -0.001 -20"><span class='ocrx_word' id='word_1_3' title='bbox 272 224 450 276; x_wconf 88' lang='lat' dir='ltr'><strong>causa,</strong></span> <span class='ocrx_word' id='word_1_4' title='bbox 487 207 687 263; x_wconf 88' lang='lat' dir='ltr'><strong>darent</strong></span> <span class='ocrx_word' id='word_1_5' title='bbox 719 206 833 262; x_wconf 85' lang='lat' dir='ltr'><strong>late</strong></span> <span class='ocrx_word' id='word_1_6' title='bbox 866 207 1079 274; x_wconf 79' lang='lat' dir='ltr'><strong>cladem</strong></span> <span class='ocrx_word' id='word_1_7' title='bbox 1114 222 1449 283; x_wconf 77' lang='lat' dir='ltr'><strong>magnasque</strong></span> <span class='ocrx_word' id='word_1_8' title='bbox 1483 206 1683 262; x_wconf 87' lang='lat' dir='ltr'><strong>ruinas.</strong></span> 
     </span>
     <span class='ocr_line' id='line_1_3' title="bbox 269 282 1514 352; baseline -0.002 -14"><span class='ocrx_word' id='word_1_9' title='bbox 269 300 370 338; x_wconf 89' lang='lat' dir='ltr'><strong>nec</strong></span> <span class='ocrx_word' id='word_1_10' title='bbox 405 283 618 338; x_wconf 88' lang='lat' dir='ltr'><strong>ratione</strong></span> <span class='ocrx_word' id='word_1_11' title='bbox 653 283 761 338; x_wconf 87' lang='lat' dir='ltr'><strong>alia</strong></span> <span class='ocrx_word' id='word_1_12' title='bbox 795 283 1056 337; x_wconf 77' lang='lat' dir='ltr'>mortales</span> <span class='ocrx_word' id='word_1_13' title='bbox 1092 299 1214 336; x_wconf 90' lang='lat' dir='ltr'><strong>esse</strong></span> <span class='ocrx_word' id='word_1_14' title='bbox 1248 282 1514 352; x_wconf 83' lang='lat' dir='ltr'><strong>videmur,</strong></span> 
     </span>
     <span class='ocr_line' id='line_1_4' title="bbox 269 358 1726 429; baseline -0.001 -14"><span class='ocrx_word' id='word_1_15' title='bbox 269 361 417 415; x_wconf 87' lang='lat' dir='ltr'><strong>inter</strong></span> <span class='ocrx_word' id='word_1_16' title='bbox 451 377 550 414; x_wconf 91' lang='lat' dir='ltr'><strong>nos</strong></span> <span class='ocrx_word' id='word_1_17' title='bbox 584 360 686 414; x_wconf 91' lang='lat' dir='ltr'><strong>nisi</strong></span> <span class='ocrx_word' id='word_1_18' title='bbox 723 359 872 429; x_wconf 88' lang='lat' dir='ltr'><strong>quod</strong></span> <span class='ocrx_word' id='word_1_19' title='bbox 905 358 1112 412; x_wconf 84' lang='lat' dir='ltr'>morbis</span> <span class='ocrx_word' id='word_1_20' title='bbox 1148 359 1516 427; x_wconf 80' lang='lat' dir='ltr'><strong>aegrescimus</strong></span> <span class='ocrx_word' id='word_1_21' title='bbox 1548 358 1726 414; x_wconf 88' lang='lat' dir='ltr'><strong>isdem</strong></span> 
     </span>
     <span class='ocr_line' id='line_1_5' title="bbox 269 436 1972 506; baseline 0.001 -15"><span class='ocrx_word' id='word_1_22' title='bbox 269 439 440 505; x_wconf 82' lang='lat' dir='ltr'><strong>atque</strong></span> <span class='ocrx_word' id='word_1_23' title='bbox 475 436 553 490; x_wconf 92' lang='lat' dir='ltr'><strong>illi</strong></span> <span class='ocrx_word' id='word_1_24' title='bbox 591 452 728 506; x_wconf 90' lang='lat' dir='ltr'><strong>quos</strong></span> <span class='ocrx_word' id='word_1_25' title='bbox 765 453 799 489; x_wconf 89' lang='lat' dir='ltr'><strong>a</strong></span> <span class='ocrx_word' id='word_1_26' title='bbox 832 436 949 489; x_wconf 86' lang='lat' dir='ltr'><strong>vita</strong></span> <span class='ocrx_word' id='word_1_27' title='bbox 981 438 1179 489; x_wconf 83' lang='lat' dir='ltr'><strong>natura</strong></span> <span class='ocrx_word' id='word_1_28' title='bbox 1212 436 1462 490; x_wconf 80' lang='lat' dir='ltr'><strong>removit.</strong></span> <span class='ocrx_word' id='word_1_29' title='bbox 1895 452 1972 492; x_wconf 83' lang='grc'><strong>350</strong></span> 
     </span>
    </p>

    <p class='ocr_par' dir='ltr' id='par_1_3' title="bbox 257 513 1969 2701">
     <span class='ocr_line' id='line_1_6' title="bbox 343 513 1887 581; baseline 0.001 -15"><span class='ocrx_word' id='word_1_30' title='bbox 343 513 639 566; x_wconf 82' lang='lat' dir='ltr'><strong>Praeterea</strong></span> <span class='ocrx_word' id='word_1_31' title='bbox 673 527 1047 581; x_wconf 89' lang='lat' dir='ltr'><strong>quaecumque</strong></span> <span class='ocrx_word' id='word_1_32' title='bbox 1082 514 1310 565; x_wconf 87' lang='lat' dir='ltr'><strong>manent</strong></span> <span class='ocrx_word' id='word_1_33' title='bbox 1343 515 1570 568; x_wconf 82' lang='lat' dir='ltr'><strong>aeterna</strong></span> <span class='ocrx_word' id='word_1_34' title='bbox 1603 517 1887 568; x_wconf 76' lang='lat' dir='ltr'><strong>necessust</strong></span> 
     </span>
     <span class='ocr_line' id='line_1_7' title="bbox 271 585 1839 658; baseline 0.001 -15"><span class='ocrx_word' id='word_1_35' title='bbox 271 592 383 656; x_wconf 85' lang='lat' dir='ltr'><strong>aut,</strong></span> <span class='ocrx_word' id='word_1_36' title='bbox 421 588 551 658; x_wconf 86' lang='lat' dir='ltr'><strong>quia</strong></span> <span class='ocrx_word' id='word_1_37' title='bbox 587 593 714 642; x_wconf 91' lang='lat' dir='ltr'><strong>sunt</strong></span> <span class='ocrx_word' id='word_1_38' title='bbox 750 587 924 641; x_wconf 90' lang='lat' dir='ltr'><strong>solido</strong></span> <span class='ocrx_word' id='word_1_39' title='bbox 960 603 1085 642; x_wconf 91' lang='lat' dir='ltr'><strong>eum</strong></span> <span class='ocrx_word' id='word_1_40' title='bbox 1120 604 1365 657; x_wconf 86' lang='lat' dir='ltr'><strong>corpore,</strong></span> <span class='ocrx_word' id='word_1_41' title='bbox 1400 585 1661 657; x_wconf 73' lang='lat' dir='ltr'><strong>respuere</strong></span> <span class='ocrx_word' id='word_1_42' title='bbox 1695 589 1839 644; x_wconf 84' lang='lat' dir='ltr'><strong>ictus</strong></span> 
     </span>
     <span class='ocr_line' id='line_1_8' title="bbox 270 663 1893 734; baseline 0.001 -15"><span class='ocrx_word' id='word_1_43' title='bbox 270 681 371 719; x_wconf 86' lang='lat' dir='ltr'><strong>nec</strong></span> <span class='ocrx_word' id='word_1_44' title='bbox 406 667 699 733; x_wconf 87' lang='lat' dir='ltr'><strong>penetrare</strong></span> <span class='ocrx_word' id='word_1_45' title='bbox 732 663 850 733; x_wconf 87' lang='lat' dir='ltr'><strong>pati</strong></span> <span class='ocrx_word' id='word_1_46' title='bbox 885 663 989 717; x_wconf 89' lang='lat' dir='ltr'><strong>sibi</strong></span> <span class='ocrx_word' id='word_1_47' title='bbox 1024 663 1318 732; x_wconf 86' lang='lat' dir='ltr'><strong>quicquam</strong></span> <span class='ocrx_word' id='word_1_48' title='bbox 1354 664 1505 732; x_wconf 88' lang='lat' dir='ltr'><strong>quod</strong></span> <span class='ocrx_word' id='word_1_49' title='bbox 1539 669 1709 734; x_wconf 89' lang='lat' dir='ltr'><strong>queat</strong></span> <span class='ocrx_word' id='word_1_50' title='bbox 1741 670 1893 720; x_wconf 84' lang='lat' dir='ltr'><strong>artas</strong></span> 
     </span>
     <span class='ocr_line' id='line_1_9' title="bbox 271 738 1360 807; baseline -0.002 -13"><span class='ocrx_word' id='word_1_51' title='bbox 271 740 565 795; x_wconf 83' lang='lat' dir='ltr'><strong>dissociare</strong></span> <span class='ocrx_word' id='word_1_52' title='bbox 598 739 750 793; x_wconf 90' lang='lat' dir='ltr'><strong>intus</strong></span> <span class='ocrx_word' id='word_1_53' title='bbox 782 740 972 807; x_wconf 85' lang='lat' dir='ltr'><strong>partis,</strong></span> <span class='ocrx_word' id='word_1_54' title='bbox 1006 746 1073 793; x_wconf 93' lang='lat' dir='ltr'><strong>ut</strong></span> <span class='ocrx_word' id='word_1_55' title='bbox 1106 738 1360 793; x_wconf 83' lang='lat' dir='ltr'><strong>materiai</strong></span> 
     </span>
     <span class='ocr_line' id='line_1_10' title="bbox 270 816 1969 887; baseline 0.003 -18"><span class='ocrx_word' id='word_1_56' title='bbox 270 832 498 884; x_wconf 80' lang='lat' dir='ltr'><strong>corpora</strong></span> <span class='ocrx_word' id='word_1_57' title='bbox 533 818 661 869; x_wconf 91' lang='lat' dir='ltr'><strong>sunt</strong></span> <span class='ocrx_word' id='word_1_58' title='bbox 695 831 927 885; x_wconf 89' lang='lat' dir='ltr'><strong>quorum</strong></span> <span class='ocrx_word' id='word_1_59' title='bbox 962 819 1218 869; x_wconf 87' lang='lat' dir='ltr'><strong>naturam</strong></span> <span class='ocrx_word' id='word_1_60' title='bbox 1253 816 1595 871; x_wconf 81' lang='lat' dir='ltr'><strong>ostendimus</strong></span> <span class='ocrx_word' id='word_1_61' title='bbox 1629 820 1774 887; x_wconf 86' lang='lat' dir='ltr'><strong>ante,</strong></span> <span class='ocrx_word' id='word_1_62' title='bbox 1894 833 1969 873; x_wconf 76' lang='lat'><strong>355</strong></span> 
     </span>
     <span class='ocr_line' id='line_1_11' title="bbox 269 891 1635 961; baseline 0.001 -16"><span class='ocrx_word' id='word_1_63' title='bbox 269 895 368 945; x_wconf 85' lang='lat' dir='ltr'><strong>aut</strong></span> <span class='ocrx_word' id='word_1_64' title='bbox 401 891 526 946; x_wconf 89' lang='lat' dir='ltr'><strong>ideo</strong></span> <span class='ocrx_word' id='word_1_65' title='bbox 562 891 764 945; x_wconf 88' lang='lat' dir='ltr'><strong>durare</strong></span> <span class='ocrx_word' id='word_1_66' title='bbox 797 895 1039 945; x_wconf 82' lang='lat' dir='ltr'><strong>aetatem</strong></span> <span class='ocrx_word' id='word_1_67' title='bbox 1072 908 1233 960; x_wconf 91' lang='lat' dir='ltr'><strong>posse</strong></span> <span class='ocrx_word' id='word_1_68' title='bbox 1268 908 1369 961; x_wconf 88' lang='lat' dir='ltr'><strong>per</strong></span> <span class='ocrx_word' id='word_1_69' title='bbox 1403 909 1635 960; x_wconf 86' lang='lat' dir='ltr'><strong>omnem,</strong></span> 
     </span>
     <span class='ocr_line' id='line_1_12' title="bbox 267 967 1679 1038; baseline 0.004 -18"><span class='ocrx_word' id='word_1_70' title='bbox 267 968 553 1037; x_wconf 87' lang='lat' dir='ltr'><strong>plagarum</strong></span> <span class='ocrx_word' id='word_1_71' title='bbox 588 968 720 1038; x_wconf 85' lang='lat' dir='ltr'><strong>quia</strong></span> <span class='ocrx_word' id='word_1_72' title='bbox 754 975 882 1022; x_wconf 89' lang='lat' dir='ltr'><strong>sunt</strong></span> <span class='ocrx_word' id='word_1_73' title='bbox 916 968 1182 1036; x_wconf 80' lang='lat' dir='ltr'><strong>expertia,</strong></span> <span class='ocrx_word' id='word_1_74' title='bbox 1219 967 1362 1022; x_wconf 90' lang='lat' dir='ltr'><strong>sicut</strong></span> <span class='ocrx_word' id='word_1_75' title='bbox 1395 969 1555 1023; x_wconf 90' lang='lat' dir='ltr'><strong>inane</strong></span> <span class='ocrx_word' id='word_1_76' title='bbox 1591 973 1679 1025; x_wconf 88' lang='lat' dir='ltr'><strong>est</strong></span> 
     </span>
     <span class='ocr_line' id='line_1_13' title="bbox 270 1043 1908 1117; baseline 0.003 -20"><span class='ocrx_word' id='word_1_77' title='bbox 270 1043 419 1113; x_wconf 86' lang='lat' dir='ltr'><strong>quod</strong></span> <span class='ocrx_word' id='word_1_78' title='bbox 452 1048 638 1099; x_wconf 85' lang='lat' dir='ltr'><strong>manet</strong></span> <span class='ocrx_word' id='word_1_79' title='bbox 670 1045 936 1099; x_wconf 83' lang='lat' dir='ltr'><strong>intactum</strong></span> <span class='ocrx_word' id='word_1_80' title='bbox 971 1061 1152 1113; x_wconf 90' lang='lat' dir='ltr'><strong>neque</strong></span> <span class='ocrx_word' id='word_1_81' title='bbox 1185 1044 1257 1098; x_wconf 88' lang='lat' dir='ltr'><strong>ab</strong></span> <span class='ocrx_word' id='word_1_82' title='bbox 1290 1044 1406 1099; x_wconf 89' lang='lat' dir='ltr'><strong>ictu</strong></span> <span class='ocrx_word' id='word_1_83' title='bbox 1440 1046 1688 1115; x_wconf 87' lang='lat' dir='ltr'><strong>fungitur</strong></span> <span class='ocrx_word' id='word_1_84' title='bbox 1720 1046 1908 1117; x_wconf 87' lang='lat' dir='ltr'><strong>hilum,</strong></span> 
     </span>
     <span class='ocr_line' id='line_1_14' title="bbox 268 1120 1953 1191; baseline 0.002 -17"><span class='ocrx_word' id='word_1_85' title='bbox 268 1124 366 1174; x_wconf 84' lang='lat' dir='ltr'><strong>aut</strong></span> <span class='ocrx_word' id='word_1_86' title='bbox 400 1121 567 1175; x_wconf 87' lang='lat' dir='ltr'><strong>etiam</strong></span> <span class='ocrx_word' id='word_1_87' title='bbox 605 1121 734 1190; x_wconf 84' lang='lat' dir='ltr'><strong>quia</strong></span> <span class='ocrx_word' id='word_1_88' title='bbox 767 1121 914 1174; x_wconf 84' lang='lat' dir='ltr'><strong>nulla</strong></span> <span class='ocrx_word' id='word_1_89' title='bbox 947 1120 1053 1174; x_wconf 91' lang='lat' dir='ltr'><strong>loci</strong></span> <span class='ocrx_word' id='word_1_90' title='bbox 1087 1121 1156 1174; x_wconf 88' lang='lat' dir='ltr'><strong>fit</strong></span> <span class='ocrx_word' id='word_1_91' title='bbox 1189 1121 1345 1189; x_wconf 87' lang='lat' dir='ltr'><strong>copia</strong></span> <span class='ocrx_word' id='word_1_92' title='bbox 1378 1122 1597 1191; x_wconf 86' lang='lat' dir='ltr'><strong>circum,</strong></span> <span class='ocrx_word' id='word_1_93' title='bbox 1946 1160 1953 1166; x_wconf 90' lang='lat'>-</span> 
     </span>
     <span class='ocr_line' id='line_1_15' title="bbox 257 1197 1968 1268; baseline 0.005 -19"><span class='ocrx_word' id='word_1_94' title='bbox 257 1213 379 1264; x_wconf 61' lang='lat' dir='ltr'><strong>xquo</strong></span> <span class='ocrx_word' id='word_1_95' title='bbox 413 1198 568 1267; x_wconf 82' lang='lat' dir='ltr'><strong>quasi</strong></span> <span class='ocrx_word' id='word_1_96' title='bbox 601 1213 693 1251; x_wconf 91' lang='lat' dir='ltr'><strong>res</strong></span> <span class='ocrx_word' id='word_1_97' title='bbox 727 1198 940 1266; x_wconf 88' lang='lat' dir='ltr'><strong>possint</strong></span> <span class='ocrx_word' id='word_1_98' title='bbox 975 1197 1260 1251; x_wconf 84' lang='lat' dir='ltr'><strong>discedere</strong></span> <span class='ocrx_word' id='word_1_99' title='bbox 1296 1197 1645 1268; x_wconf 87' lang='lat' dir='ltr'><strong>dissoluique,</strong></span> <span class='ocrx_word' id='word_1_100' title='bbox 1893 1214 1968 1257; x_wconf 76' lang='grc'><strong>300</strong></span> 
     </span>
     <span class='ocr_line' id='line_1_16' title="bbox 270 1273 1820 1344; baseline 0.004 -19"><span class='ocrx_word' id='word_1_101' title='bbox 270 1273 412 1327; x_wconf 89' lang='lat' dir='ltr'><strong>sieut</strong></span> <span class='ocrx_word' id='word_1_102' title='bbox 448 1289 781 1327; x_wconf 81' lang='lat' dir='ltr'><strong>summarum</strong></span> <span class='ocrx_word' id='word_1_103' title='bbox 819 1288 1030 1325; x_wconf 83' lang='lat' dir='ltr'><strong>summa</strong></span> <span class='ocrx_word' id='word_1_104' title='bbox 1062 1277 1151 1327; x_wconf 91' lang='lat' dir='ltr'><strong>est</strong></span> <span class='ocrx_word' id='word_1_105' title='bbox 1186 1276 1412 1327; x_wconf 84' lang='lat' dir='ltr'><strong>aeterna</strong></span> <span class='ocrx_word' id='word_1_106' title='bbox 1445 1291 1626 1344; x_wconf 89' lang='lat' dir='ltr'><strong>neque</strong></span> <span class='ocrx_word' id='word_1_107' title='bbox 1661 1278 1820 1330; x_wconf 81' lang='lat' dir='ltr'><strong>extra</strong></span> 
     </span>
     <span class='ocr_line' id='line_1_17' title="bbox 270 1348 1933 1421; baseline 0.003 -20"><span class='ocrx_word' id='word_1_108' title='bbox 270 1348 366 1417; x_wconf 91' lang='lat' dir='ltr'><strong>qui</strong></span> <span class='ocrx_word' id='word_1_109' title='bbox 400 1349 549 1404; x_wconf 89' lang='lat' dir='ltr'><strong>locus</strong></span> <span class='ocrx_word' id='word_1_110' title='bbox 585 1352 672 1403; x_wconf 89' lang='lat' dir='ltr'><strong>est</strong></span> <span class='ocrx_word' id='word_1_111' title='bbox 706 1365 816 1416; x_wconf 92' lang='lat' dir='ltr'><strong>quo</strong></span> <span class='ocrx_word' id='word_1_112' title='bbox 852 1348 1124 1403; x_wconf 84' lang='lat' dir='ltr'><strong>dissiliant</strong></span> <span class='ocrx_word' id='word_1_113' title='bbox 1159 1366 1339 1418; x_wconf 88' lang='lat' dir='ltr'><strong>neque</strong></span> <span class='ocrx_word' id='word_1_114' title='bbox 1374 1366 1603 1420; x_wconf 88' lang='lat' dir='ltr'><strong>corpora</strong></span> <span class='ocrx_word' id='word_1_115' title='bbox 1639 1355 1768 1405; x_wconf 90' lang='lat' dir='ltr'><strong>sunt</strong></span> <span class='ocrx_word' id='word_1_116' title='bbox 1791 1368 1933 1421; x_wconf 90' lang='lat' dir='ltr'><strong>quae</strong></span> 
     </span>
     <span class='ocr_line' id='line_1_18' title="bbox 271 1423 1611 1497; baseline 0.003 -19"><span class='ocrx_word' id='word_1_117' title='bbox 271 1423 485 1494; x_wconf 86' lang='lat' dir='ltr'><strong>possint</strong></span> <span class='ocrx_word' id='word_1_118' title='bbox 518 1424 758 1478; x_wconf 86' lang='lat' dir='ltr'><strong>incidere</strong></span> <span class='ocrx_word' id='word_1_119' title='bbox 794 1428 854 1478; x_wconf 89' lang='lat' dir='ltr'><strong>et</strong></span> <span class='ocrx_word' id='word_1_120' title='bbox 888 1424 1068 1478; x_wconf 81' lang='lat' dir='ltr'><strong>valida</strong></span> <span class='ocrx_word' id='word_1_121' title='bbox 1104 1425 1402 1481; x_wconf 85' lang='lat' dir='ltr'><strong>dissolvere</strong></span> <span class='ocrx_word' id='word_1_122' title='bbox 1436 1428 1611 1497; x_wconf 86' lang='lat' dir='ltr'><strong>plaga.</strong></span> 
     </span>
     <span class='ocr_line' id='line_1_19' title="bbox 269 1500 1754 1572; baseline 0.001 -17"><span class='ocrx_word' id='word_1_123' title='bbox 269 1505 328 1555; x_wconf 85' lang='lat' dir='ltr'><strong>at</strong></span> <span class='ocrx_word' id='word_1_124' title='bbox 365 1518 559 1570; x_wconf 91' lang='lat' dir='ltr'><strong>neque,</strong></span> <span class='ocrx_word' id='word_1_125' title='bbox 603 1501 687 1555; x_wconf 89' lang='lat' dir='ltr'><strong>uti</strong></span> <span class='ocrx_word' id='word_1_126' title='bbox 723 1500 897 1567; x_wconf 89' lang='lat' dir='ltr'><strong>docui,</strong></span> <span class='ocrx_word' id='word_1_127' title='bbox 933 1501 1106 1555; x_wconf 87' lang='lat' dir='ltr'><strong>solido</strong></span> <span class='ocrx_word' id='word_1_128' title='bbox 1141 1518 1266 1556; x_wconf 91' lang='lat' dir='ltr'><strong>cum</strong></span> <span class='ocrx_word' id='word_1_129' title='bbox 1302 1520 1530 1572; x_wconf 89' lang='lat' dir='ltr'><strong>corpore</strong></span> <span class='ocrx_word' id='word_1_130' title='bbox 1564 1503 1754 1557; x_wconf 88' lang='lat' dir='ltr'><strong>mundi</strong></span> 
     </span>
     <span class='ocr_line' id='line_1_20' title="bbox 267 1577 1967 1647; baseline 0.002 -16"><span class='ocrx_word' id='word_1_131' title='bbox 267 1580 531 1646; x_wconf 82' lang='lat' dir='ltr'><strong>naturast,</strong></span> <span class='ocrx_word' id='word_1_132' title='bbox 567 1577 820 1647; x_wconf 87' lang='lat' dir='ltr'><strong>quoniam</strong></span> <span class='ocrx_word' id='word_1_133' title='bbox 854 1577 1217 1633; x_wconf 80' lang='lat' dir='ltr'><strong>admixtumst</strong></span> <span class='ocrx_word' id='word_1_134' title='bbox 1250 1580 1306 1632; x_wconf 92' lang='lat' dir='ltr'><strong>in</strong></span> <span class='ocrx_word' id='word_1_135' title='bbox 1340 1580 1507 1634; x_wconf 91' lang='lat' dir='ltr'><strong>rebus</strong></span> <span class='ocrx_word' id='word_1_136' title='bbox 1542 1580 1716 1645; x_wconf 88' lang='lat' dir='ltr'><strong>inane,</strong></span> <span class='ocrx_word' id='word_1_137' title='bbox 1893 1595 1967 1635; x_wconf 73' lang='grc'><strong>305</strong></span> 
     </span>
     <span class='ocr_line' id='line_1_21' title="bbox 269 1653 1965 1725; baseline 0.002 -18"><span class='ocrx_word' id='word_1_138' title='bbox 269 1670 370 1707; x_wconf 89' lang='lat' dir='ltr'><strong>nec</strong></span> <span class='ocrx_word' id='word_1_139' title='bbox 406 1657 591 1707; x_wconf 88' lang='lat' dir='ltr'><strong>tamen</strong></span> <span class='ocrx_word' id='word_1_140' title='bbox 627 1656 715 1707; x_wconf 90' lang='lat' dir='ltr'><strong>est</strong></span> <span class='ocrx_word' id='word_1_141' title='bbox 748 1656 815 1707; x_wconf 89' lang='lat' dir='ltr'><strong>ut</strong></span> <span class='ocrx_word' id='word_1_142' title='bbox 848 1653 1021 1720; x_wconf 79' lang='lat' dir='ltr'><strong>inane,</strong></span> <span class='ocrx_word' id='word_1_143' title='bbox 1057 1671 1235 1724; x_wconf 89' lang='lat' dir='ltr'><strong>neque</strong></span> <span class='ocrx_word' id='word_1_144' title='bbox 1270 1658 1453 1710; x_wconf 88' lang='lat' dir='ltr'><strong>autem</strong></span> <span class='ocrx_word' id='word_1_145' title='bbox 1487 1673 1716 1725; x_wconf 86' lang='lat' dir='ltr'><strong>corpora</strong></span> <span class='ocrx_word' id='word_1_146' title='bbox 1750 1656 1965 1725; x_wconf 88' lang='lat' dir='ltr'><strong>desunt,</strong></span> 
     </span>
     <span class='ocr_line' id='line_1_22' title="bbox 270 1730 1671 1804; baseline 0.001 -20"><span class='ocrx_word' id='word_1_147' title='bbox 270 1747 339 1784; x_wconf 82' lang='lat' dir='ltr'><strong>ex</strong></span> <span class='ocrx_word' id='word_1_148' title='bbox 373 1730 587 1783; x_wconf 89' lang='lat' dir='ltr'><strong>infinito</strong></span> <span class='ocrx_word' id='word_1_149' title='bbox 623 1747 763 1799; x_wconf 87' lang='lat' dir='ltr'><strong>quae</strong></span> <span class='ocrx_word' id='word_1_150' title='bbox 798 1730 1009 1799; x_wconf 89' lang='lat' dir='ltr'><strong>possint</strong></span> <span class='ocrx_word' id='word_1_151' title='bbox 1043 1731 1186 1784; x_wconf 86' lang='lat' dir='ltr'><strong>forte</strong></span> <span class='ocrx_word' id='word_1_152' title='bbox 1220 1735 1406 1785; x_wconf 86' lang='lat' dir='ltr'><strong>coorta</strong></span> <span class='ocrx_word' id='word_1_153' title='bbox 1666 1799 1671 1804; x_wconf 20' lang='lat'><em>⁹</em></span> 
     </span>
     <span class='ocr_line' id='line_1_23' title="bbox 265 1806 1745 1862; baseline 0.001 -2"><span class='ocrx_word' id='word_1_154' title='bbox 265 1822 521 1860; x_wconf 89' lang='lat' dir='ltr'><strong>corruere</strong></span> <span class='ocrx_word' id='word_1_155' title='bbox 556 1806 697 1861; x_wconf 88' lang='lat' dir='ltr'><strong>hanc</strong></span> <span class='ocrx_word' id='word_1_156' title='bbox 731 1823 914 1860; x_wconf 89' lang='lat' dir='ltr'><strong>rerum</strong></span> <span class='ocrx_word' id='word_1_157' title='bbox 948 1807 1190 1861; x_wconf 85' lang='lat' dir='ltr'><strong>violento</strong></span> <span class='ocrx_word' id='word_1_158' title='bbox 1225 1807 1444 1861; x_wconf 89' lang='lat' dir='ltr'><strong>turbine</strong></span> <span class='ocrx_word' id='word_1_159' title='bbox 1480 1824 1745 1862; x_wconf 82' lang='lat' dir='ltr'><strong>summam</strong></span> 
     </span>
     <span class='ocr_line' id='line_1_24' title="bbox 266 1882 1648 1953; baseline 0.001 -17"><span class='ocrx_word' id='word_1_160' title='bbox 266 1887 363 1937; x_wconf 89' lang='lat' dir='ltr'><strong>aut</strong></span> <span class='ocrx_word' id='word_1_161' title='bbox 397 1882 558 1936; x_wconf 87' lang='lat' dir='ltr'><strong>aliam</strong></span> <span class='ocrx_word' id='word_1_162' title='bbox 595 1883 841 1952; x_wconf 84' lang='lat' dir='ltr'><strong>quamvis</strong></span> <span class='ocrx_word' id='word_1_163' title='bbox 876 1883 1091 1938; x_wconf 81' lang='lat' dir='ltr'><strong>cladem</strong></span> <span class='ocrx_word' id='word_1_164' title='bbox 1126 1884 1409 1953; x_wconf 87' lang='lat' dir='ltr'><strong>inportare</strong></span> <span class='ocrx_word' id='word_1_165' title='bbox 1443 1884 1648 1953; x_wconf 87' lang='lat' dir='ltr'><strong>pericli,</strong></span> 
     </span>
     <span class='ocr_line' id='line_1_25' title="bbox 265 1959 1964 2030; baseline 0.003 -18"><span class='ocrx_word' id='word_1_166' title='bbox 265 1975 367 2013; x_wconf 91' lang='lat' dir='ltr'><strong>nec</strong></span> <span class='ocrx_word' id='word_1_167' title='bbox 400 1975 564 2028; x_wconf 91' lang='lat' dir='ltr'><strong>porro</strong></span> <span class='ocrx_word' id='word_1_168' title='bbox 599 1963 795 2013; x_wconf 86' lang='lat' dir='ltr'><strong>natura</strong></span> <span class='ocrx_word' id='word_1_169' title='bbox 830 1959 934 2014; x_wconf 90' lang='lat' dir='ltr'><strong>loci</strong></span> <span class='ocrx_word' id='word_1_170' title='bbox 972 1959 1325 2029; x_wconf 86' lang='lat' dir='ltr'><strong>spatiumque</strong></span> <span class='ocrx_word' id='word_1_171' title='bbox 1361 1961 1619 2030; x_wconf 89' lang='lat' dir='ltr'><strong>profundi</strong></span> <span class='ocrx_word' id='word_1_172' title='bbox 1888 1976 1964 2017; x_wconf 80' lang='grc'><strong>370</strong></span> 
     </span>
     <span class='ocr_line' id='line_1_26' title="bbox 266 2036 1639 2106; baseline 0.001 -16"><span class='ocrx_word' id='word_1_173' title='bbox 266 2036 466 2100; x_wconf 89' lang='lat' dir='ltr'><strong>deficit,</strong></span> <span class='ocrx_word' id='word_1_174' title='bbox 501 2037 757 2106; x_wconf 83' lang='lat' dir='ltr'><strong>exspargi</strong></span> <span class='ocrx_word' id='word_1_175' title='bbox 793 2052 903 2105; x_wconf 91' lang='lat' dir='ltr'><strong>quo</strong></span> <span class='ocrx_word' id='word_1_176' title='bbox 936 2037 1150 2105; x_wconf 89' lang='lat' dir='ltr'><strong>possint</strong></span> <span class='ocrx_word' id='word_1_177' title='bbox 1182 2038 1400 2091; x_wconf 88' lang='lat' dir='ltr'><strong>moenia</strong></span> <span class='ocrx_word' id='word_1_178' title='bbox 1433 2038 1639 2106; x_wconf 89' lang='lat' dir='ltr'><strong>mundi,</strong></span> 
     </span>
     <span class='ocr_line' id='line_1_27' title="bbox 263 2112 1501 2183; baseline -0.001 -17"><span class='ocrx_word' id='word_1_179' title='bbox 263 2115 361 2166; x_wconf 85' lang='lat' dir='ltr'><strong>aut</strong></span> <span class='ocrx_word' id='word_1_180' title='bbox 395 2112 500 2165; x_wconf 86' lang='lat' dir='ltr'><strong>alia</strong></span> <span class='ocrx_word' id='word_1_181' title='bbox 532 2112 724 2181; x_wconf 80' lang='lat' dir='ltr'><strong>quavis</strong></span> <span class='ocrx_word' id='word_1_182' title='bbox 759 2116 988 2181; x_wconf 89' lang='lat' dir='ltr'><strong>possunt</strong></span> <span class='ocrx_word' id='word_1_183' title='bbox 1021 2112 1077 2167; x_wconf 85' lang='lat' dir='ltr'><strong>vi</strong></span> <span class='ocrx_word' id='word_1_184' title='bbox 1110 2113 1271 2181; x_wconf 83' lang='lat' dir='ltr'><strong>pulsa</strong></span> <span class='ocrx_word' id='word_1_185' title='bbox 1305 2114 1501 2183; x_wconf 85' lang='lat' dir='ltr'><strong>perire.</strong></span> 
     </span>
     <span class='ocr_line' id='line_1_28' title="bbox 264 2187 1569 2258; baseline 0.002 -17"><span class='ocrx_word' id='word_1_186' title='bbox 264 2187 401 2242; x_wconf 87' lang='lat' dir='ltr'><strong>haut</strong></span> <span class='ocrx_word' id='word_1_187' title='bbox 433 2188 607 2256; x_wconf 88' lang='lat' dir='ltr'><strong>igitur</strong></span> <span class='ocrx_word' id='word_1_188' title='bbox 641 2188 740 2242; x_wconf 87' lang='lat' dir='ltr'><strong>leti</strong></span> <span class='ocrx_word' id='word_1_189' title='bbox 777 2189 1066 2258; x_wconf 85' lang='lat' dir='ltr'><strong>praeclusa</strong></span> <span class='ocrx_word' id='word_1_190' title='bbox 1100 2192 1188 2243; x_wconf 89' lang='lat' dir='ltr'><strong>est</strong></span> <span class='ocrx_word' id='word_1_191' title='bbox 1221 2189 1385 2243; x_wconf 86' lang='lat' dir='ltr'><strong>ianua</strong></span> <span class='ocrx_word' id='word_1_192' title='bbox 1419 2190 1569 2244; x_wconf 84' lang='lat' dir='ltr'><strong>caelo</strong></span> 
     </span>
     <span class='ocr_line' id='line_1_29' title="bbox 264 2264 1706 2335; baseline 0.003 -18"><span class='ocrx_word' id='word_1_193' title='bbox 264 2280 367 2318; x_wconf 90' lang='lat' dir='ltr'><strong>nec</strong></span> <span class='ocrx_word' id='word_1_194' title='bbox 403 2264 502 2317; x_wconf 90' lang='lat' dir='ltr'><strong>soli</strong></span> <span class='ocrx_word' id='word_1_195' title='bbox 539 2267 828 2331; x_wconf 86' lang='lat' dir='ltr'><strong>terraeque</strong></span> <span class='ocrx_word' id='word_1_196' title='bbox 864 2280 1044 2332; x_wconf 90' lang='lat' dir='ltr'><strong>neque</strong></span> <span class='ocrx_word' id='word_1_197' title='bbox 1079 2265 1206 2319; x_wconf 89' lang='lat' dir='ltr'><strong>altis</strong></span> <span class='ocrx_word' id='word_1_198' title='bbox 1241 2267 1494 2334; x_wconf 89' lang='lat' dir='ltr'><strong>aequoris</strong></span> <span class='ocrx_word' id='word_1_199' title='bbox 1530 2267 1706 2335; x_wconf 75' lang='lat' dir='ltr'><strong>undiS‚</strong></span> 
     </span>
     <span class='ocr_line' id='line_1_30' title="bbox 264 2340 1965 2409; baseline 0.003 -15"><span class='ocrx_word' id='word_1_200' title='bbox 264 2340 366 2394; x_wconf 88' lang='lat' dir='ltr'><strong>sed</strong></span> <span class='ocrx_word' id='word_1_201' title='bbox 395 2342 559 2407; x_wconf 80' lang='lat' dir='ltr'><strong>patet</strong></span> <span class='ocrx_word' id='word_1_202' title='bbox 594 2340 815 2392; x_wconf 86' lang='lat' dir='ltr'><strong>immani</strong></span> <span class='ocrx_word' id='word_1_203' title='bbox 851 2343 911 2394; x_wconf 97' lang='lat' dir='ltr'><strong>et</strong></span> <span class='ocrx_word' id='word_1_204' title='bbox 946 2345 1108 2394; x_wconf 83' lang='lat' dir='ltr'><strong>vasto</strong></span> <span class='ocrx_word' id='word_1_205' title='bbox 1137 2345 1416 2409; x_wconf 85' lang='lat' dir='ltr'><strong>respectat</strong></span> <span class='ocrx_word' id='word_1_206' title='bbox 1449 2343 1619 2397; x_wconf 86' lang='lat' dir='ltr'><strong>hiatu.</strong></span> <span class='ocrx_word' id='word_1_207' title='bbox 1891 2357 1965 2399; x_wconf 79' lang='grc'><strong>375</strong></span> 
     </span>
     <span class='ocr_line' id='line_1_31' title="bbox 266 2415 1561 2486; baseline 0.003 -17"><span class='ocrx_word' id='word_1_208' title='bbox 266 2432 435 2486; x_wconf 85' lang='lat' dir='ltr'><strong>quare</strong></span> <span class='ocrx_word' id='word_1_209' title='bbox 471 2415 636 2469; x_wconf 85' lang='lat' dir='ltr'><strong>etiam</strong></span> <span class='ocrx_word' id='word_1_210' title='bbox 672 2416 858 2469; x_wconf 84' lang='lat' dir='ltr'><strong>nativa</strong></span> <span class='ocrx_word' id='word_1_211' title='bbox 889 2423 1234 2472; x_wconf 84' lang='lat' dir='ltr'><strong>necessumst</strong></span> <span class='ocrx_word' id='word_1_212' title='bbox 1269 2418 1561 2473; x_wconf 89' lang='lat' dir='ltr'><strong>confiteare</strong></span> 
     </span>
     <span class='ocr_line' id='line_1_32' title="bbox 264 2490 1948 2565; baseline 0.003 -20"><span class='ocrx_word' id='word_1_213' title='bbox 264 2491 401 2546; x_wconf 88' lang='lat' dir='ltr'><strong>haec</strong></span> <span class='ocrx_word' id='word_1_214' title='bbox 435 2490 659 2556; x_wconf 79' lang='lat' dir='ltr'><strong>eadem3</strong></span> <span class='ocrx_word' id='word_1_215' title='bbox 694 2507 876 2560; x_wconf 90' lang='lat' dir='ltr'><strong>neque</strong></span> <span class='ocrx_word' id='word_1_216' title='bbox 911 2493 1071 2561; x_wconf 87' lang='lat' dir='ltr'><strong>enim,</strong></span> <span class='ocrx_word' id='word_1_217' title='bbox 1106 2494 1328 2550; x_wconf 84' lang='lat' dir='ltr'><strong>mortali</strong></span> <span class='ocrx_word' id='word_1_218' title='bbox 1362 2511 1591 2565; x_wconf 86' lang='lat' dir='ltr'><strong>corpore</strong></span> <span class='ocrx_word' id='word_1_219' title='bbox 1627 2511 1769 2563; x_wconf 88' lang='lat' dir='ltr'><strong>quae</strong></span> <span class='ocrx_word' id='word_1_220' title='bbox 1805 2498 1948 2563; x_wconf 88' lang='lat' dir='ltr'><strong>sunt,</strong></span> 
     </span>
     <span class='ocr_line' id='line_1_33' title="bbox 264 2567 1563 2640; baseline 0.002 -17"><span class='ocrx_word' id='word_1_221' title='bbox 264 2585 334 2623; x_wconf 80' lang='lat' dir='ltr'><strong>ex</strong></span> <span class='ocrx_word' id='word_1_222' title='bbox 368 2567 581 2623; x_wconf 86' lang='lat' dir='ltr'><strong>infinito</strong></span> <span class='ocrx_word' id='word_1_223' title='bbox 614 2568 724 2621; x_wconf 85' lang='lat' dir='ltr'><strong>iam</strong></span> <span class='ocrx_word' id='word_1_224' title='bbox 743 2570 1007 2640; x_wconf 25' lang='lat' dir='ltr'><strong>‘tempore</strong></span> <span class='ocrx_word' id='word_1_225' title='bbox 1041 2569 1221 2624; x_wconf 84' lang='lat' dir='ltr'><strong>adhuc</strong></span> <span class='ocrx_word' id='word_1_226' title='bbox 1257 2571 1563 2639; x_wconf 88' lang='lat' dir='ltr'><strong>potuissent</strong></span> 
     </span>
     <span class='ocr_line' id='line_1_34' title="bbox 260 2643 1470 2701; baseline 0.001 -2"><span class='ocrx_word' id='word_1_227' title='bbox 260 2643 491 2699; x_wconf 82' lang='lat' dir='ltr'><strong>inmensi</strong></span> <span class='ocrx_word' id='word_1_228' title='bbox 524 2644 734 2699; x_wconf 86' lang='lat' dir='ltr'><strong>validas</strong></span> <span class='ocrx_word' id='word_1_229' title='bbox 765 2646 886 2700; x_wconf 83' lang='lat' dir='ltr'><strong>aevi</strong></span> <span class='ocrx_word' id='word_1_230' title='bbox 922 2649 1274 2701; x_wconf 88' lang='lat' dir='ltr'><strong>contemnere</strong></span> <span class='ocrx_word' id='word_1_231' title='bbox 1312 2647 1470 2701; x_wconf 87' lang='lat' dir='ltr'><strong>vires.</strong></span> 
     </span>
    </p>

    <p class='ocr_par' dir='ltr' id='par_1_4' title="bbox 259 2720 1966 3244">
     <span class='ocr_line' id='line_1_35' title="bbox 323 2720 1966 2790; baseline 0 -15"><span class='ocrx_word' id='word_1_232' title='bbox 323 2720 585 2790; x_wconf 80' lang='lat' dir='ltr'><strong>‘Denique</strong></span> <span class='ocrx_word' id='word_1_233' title='bbox 609 2725 898 2790; x_wconf 86' lang='lat' dir='ltr'><strong>tantopere</strong></span> <span class='ocrx_word' id='word_1_234' title='bbox 921 2722 1070 2776; x_wconf 90' lang='lat' dir='ltr'><strong>inter</strong></span> <span class='ocrx_word' id='word_1_235' title='bbox 1093 2738 1154 2775; x_wconf 87' lang='lat' dir='ltr'><strong>se</strong></span> <span class='ocrx_word' id='word_1_236' title='bbox 1177 2740 1300 2776; x_wconf 91' lang='lat' dir='ltr'><strong>cum</strong></span> <span class='ocrx_word' id='word_1_237' title='bbox 1323 2723 1562 2776; x_wconf 79' lang='lat' dir='ltr'><strong>maxima</strong></span> <span class='ocrx_word' id='word_1_238' title='bbox 1584 2722 1774 2776; x_wconf 85' lang='lat' dir='ltr'><strong>mundi</strong></span> <span class='ocrx_word' id='word_1_239' title='bbox 1892 2736 1966 2776; x_wconf 67' lang='lat' dir='ltr'><strong>seo</strong></span> 
     </span>
     <span class='ocr_line' id='line_1_36' title="bbox 263 2797 1745 2866; baseline 0.001 -16"><span class='ocrx_word' id='word_1_240' title='bbox 263 2801 510 2866; x_wconf 88' lang='lat' dir='ltr'><strong>pugnent</strong></span> <span class='ocrx_word' id='word_1_241' title='bbox 545 2798 804 2863; x_wconf 87' lang='lat' dir='ltr'><strong>membra,</strong></span> <span class='ocrx_word' id='word_1_242' title='bbox 839 2798 930 2866; x_wconf 92' lang='lat' dir='ltr'><strong>pio</strong></span> <span class='ocrx_word' id='word_1_243' title='bbox 964 2814 1309 2865; x_wconf 86' lang='lat' dir='ltr'><strong>nequaquam</strong></span> <span class='ocrx_word' id='word_1_244' title='bbox 1342 2798 1554 2852; x_wconf 83' lang='lat' dir='ltr'><strong>concita</strong></span> <span class='ocrx_word' id='word_1_245' title='bbox 1589 2797 1745 2863; x_wconf 88' lang='lat' dir='ltr'><strong>belle,</strong></span> 
     </span>
     <span class='ocr_line' id='line_1_37' title="bbox 262 2871 1591 2941; baseline 0.002 -17"><span class='ocrx_word' id='word_1_246' title='bbox 262 2888 443 2925; x_wconf 87' lang='lat' dir='ltr'><strong>nonne</strong></span> <span class='ocrx_word' id='word_1_247' title='bbox 476 2871 630 2926; x_wconf 87' lang='lat' dir='ltr'><strong>vides</strong></span> <span class='ocrx_word' id='word_1_248' title='bbox 665 2873 904 2941; x_wconf 86' lang='lat' dir='ltr'><strong>aliquam</strong></span> <span class='ocrx_word' id='word_1_249' title='bbox 938 2872 1088 2941; x_wconf 92' lang='lat' dir='ltr'><strong>longi</strong></span> <span class='ocrx_word' id='word_1_250' title='bbox 1124 2874 1435 2928; x_wconf 86' lang='lat' dir='ltr'><strong>certaminis</strong></span> <span class='ocrx_word' id='word_1_251' title='bbox 1470 2873 1591 2927; x_wconf 92' lang='lat' dir='ltr'><strong>ollis</strong></span> 
     </span>
     <span class='ocr_line' id='line_1_38' title="bbox 261 2945 1719 3018; baseline 0.003 -19"><span class='ocrx_word' id='word_1_252' title='bbox 261 2962 423 3016; x_wconf 89' lang='lat' dir='ltr'><strong>posse</strong></span> <span class='ocrx_word' id='word_1_253' title='bbox 458 2945 577 2999; x_wconf 85' lang='lat' dir='ltr'><strong>dari</strong></span> <span class='ocrx_word' id='word_1_254' title='bbox 611 2947 811 3002; x_wconf 66' lang='lat' dir='ltr'><strong>finem?</strong></span> <span class='ocrx_word' id='word_1_255' title='bbox 848 2948 933 3002; x_wconf 83' lang='lat' dir='ltr'><strong>vel</strong></span> <span class='ocrx_word' id='word_1_256' title='bbox 970 2964 1092 3002; x_wconf 91' lang='lat' dir='ltr'><strong>cum</strong></span> <span class='ocrx_word' id='word_1_257' title='bbox 1128 2948 1209 3001; x_wconf 89' lang='lat' dir='ltr'><strong>sol</strong></span> <span class='ocrx_word' id='word_1_258' title='bbox 1245 2952 1304 3003; x_wconf 91' lang='lat' dir='ltr'><strong>et</strong></span> <span class='ocrx_word' id='word_1_259' title='bbox 1337 2965 1508 3018; x_wconf 84' lang='lat' dir='ltr'><strong>vapor</strong></span> <span class='ocrx_word' id='word_1_260' title='bbox 1542 2949 1719 3003; x_wconf 89' lang='lat' dir='ltr'><strong>omnis</strong></span> 
     </span>
     <span class='ocr_line' id='line_1_39' title="bbox 262 3021 1486 3093; baseline 0.002 -17"><span class='ocrx_word' id='word_1_261' title='bbox 262 3021 513 3076; x_wconf 87' lang='lat' dir='ltr'><strong>omnibus</strong></span> <span class='ocrx_word' id='word_1_262' title='bbox 547 3023 728 3090; x_wconf 87' lang='lat' dir='ltr'><strong>epotis</strong></span> <span class='ocrx_word' id='word_1_263' title='bbox 762 3023 1046 3079; x_wconf 87' lang='lat' dir='ltr'><strong>umoribus</strong></span> <span class='ocrx_word' id='word_1_264' title='bbox 1076 3023 1486 3093; x_wconf 86' lang='lat' dir='ltr'><strong>exsuperarint:</strong></span> 
     </span>
     <span class='ocr_line' id='line_1_40' title="bbox 263 3095 1964 3169; baseline 0.005 -18"><span class='ocrx_word' id='word_1_265' title='bbox 263 3096 412 3166; x_wconf 89' lang='lat' dir='ltr'><strong>quod</strong></span> <span class='ocrx_word' id='word_1_266' title='bbox 425 3095 606 3150; x_wconf 79' lang='lat' dir='ltr'><strong>facere</strong></span> <span class='ocrx_word' id='word_1_267' title='bbox 619 3097 927 3166; x_wconf 87' lang='lat' dir='ltr'><strong>intendunt,</strong></span> <span class='ocrx_word' id='word_1_268' title='bbox 942 3115 1125 3169; x_wconf 88' lang='lat' dir='ltr'><strong>neque</strong></span> <span class='ocrx_word' id='word_1_269' title='bbox 1139 3099 1318 3153; x_wconf 88' lang='lat' dir='ltr'><strong>adhuc</strong></span> <span class='ocrx_word' id='word_1_270' title='bbox 1331 3102 1526 3153; x_wconf 86' lang='lat' dir='ltr'><strong>conata</strong></span> <span class='ocrx_word' id='word_1_271' title='bbox 1536 3103 1857 3169; x_wconf 82' lang='lat' dir='ltr'><strong>patrantur:</strong></span> <span class='ocrx_word' id='word_1_272' title='bbox 1887 3116 1964 3159; x_wconf 80' lang='lat'><strong>³86</strong></span> 
     </span>
     <span class='ocr_line' id='line_1_41' title="bbox 259 3171 1696 3244; baseline 0.004 -18"><span class='ocrx_word' id='word_1_273' title='bbox 259 3175 478 3226; x_wconf 56' lang='lat' dir='ltr'><strong>“ntum</strong></span> <span class='ocrx_word' id='word_1_274' title='bbox 513 3171 871 3240; x_wconf 85' lang='lat' dir='ltr'><strong>suppeditant</strong></span> <span class='ocrx_word' id='word_1_275' title='bbox 904 3189 1092 3229; x_wconf 84' lang='lat' dir='ltr'><strong>amnes</strong></span> <span class='ocrx_word' id='word_1_276' title='bbox 1125 3174 1382 3244; x_wconf 83' lang='lat' dir='ltr'><strong>ultraque</strong></span> <span class='ocrx_word' id='word_1_277' title='bbox 1416 3175 1696 3232; x_wconf 83' lang='lat' dir='ltr'><strong>minantur</strong></span> 
     </span>
    </p>
   </div>
  </div>
 </body>
</html>
