2259 3442
1101 86 1247 143 IIII
1922 94 2042 150 103

317 190 752 260 chordarumque
789 207 946 245 sones
985 192 1100 246 lieri
1139 192 1423 261 dulcisque
1458 194 1746 264 querellae,

316 267 457 322 tibia
492 284 627 337 quas
661 268 843 321 fundit
879 268 1068 336 digitis
1102 269 1320 336 pulsata
1355 273 1663 336 canentum,
1961 285 2030 340 585,

317 349 377 398 ct
411 361 581 411 genus
617 344 912 412 agricolum
949 345 1061 399 late
1098 347 1412 414 sentiscere,
1451 363 1614 415 quom
1654 347 1768 400 Pan

317 422 480 490 pinca.
515 422 752 475 semiferi
789 422 981 490 capitis
1019 423 1286 478 velamina
1321 439 1582 493 quassans

316 514 457 552 unco
493 515 654 565 saepe
691 497 843 551 labro
879 499 1112 553 calamos
1148 500 1420 569 percurrit
1455 499 1672 567 hiantis,

316 574 501 629 fistula
537 575 846 628 silvestrem
881 591 952 629 ne
986 580 1165 630 cesset
1199 576 1432 631 fundere
1469 593 1694 630 musam.

314 654 500 706 cetera
523 652 595 706 de
618 668 823 719 genere
847 652 951 706 hoc
972 656 1218 708 monstra
1240 670 1302 708 ac
1326 657 1583 723 portenta
1605 654 1913 723 loquentur,
1959 668 2034 709 590

313 744 385 782 ne
419 728 537 782 loca
570 727 795 788 deserta
831 729 902 782 ab
936 729 1078 783 divis
1116 747 1336 800 quoque
1370 731 1514 785 forte
1550 733 1819 799 putentur

313 805 430 859 sola
463 808 672 860 tenere.
708 806 832 860 ideo
867 807 1075 861 iactant
1111 807 1372 861 miracula
1408 807 1569 862 dictis

313 886 412 936 aut
447 883 627 952 aliqua
661 883 873 936 ratione
908 883 1018 935 alia
1052 883 1342 949 ducuntur,
1379 889 1445 937 ut
1479 900 1638 938 omne

313 957 609 1011 humanum
643 975 819 1026 genus
852 964 939 1013 est
975 959 1196 1012 avidum
1232 959 1392 1012 nimis
1429 960 1806 1013 auricularum.

386 1034 547 1099 Quod
583 1039 847 1102 superest,
883 1051 989 1087 non
1025 1038 1112 1088 est
1148 1035 1456 1088 mirandmn
1493 1052 1601 1102 qua
1638 1035 1865 1102 ratione,
1960 1051 2033 1089 595

313 1127 417 1179 per
451 1109 569 1164 loca
603 1125 747 1177 quae
781 1115 1064 1178 nequeunt
1099 1111 1241 1164 oculi
1277 1127 1366 1164 res
1400 1127 1626 1164 cernere
1661 1115 1892 1180 apertas,

313 1186 449 1240 haec
485 1186 602 1240 loca
636 1203 738 1254 per
770 1202 932 1240 voces
966 1187 1190 1241 veniant
1223 1187 1482 1256 aurisque
1517 1187 1801 1241 lacessant.

312 1263 658 1332 conloquium
693 1263 889 1318 clausis
927 1263 1134 1317 foribus
1169 1279 1387 1332 quoque
1421 1279 1584 1332 saepe
1602 1263 1884 1330 videmus,

310 1340 567 1393 nimirum
602 1342 733 1410 quia
766 1358 871 1395 vox
905 1358 1007 1409 per
1040 1341 1183 1395 flexa
1214 1341 1481 1395 foramina
1514 1358 1696 1396 rerum

308 1417 589 1471 incolumis
625 1419 859 1472 transire
894 1422 1095 1487 potest,
1131 1418 1420 1474 simulacra
1453 1422 1726 1473 renutant.
1956 1433 2030 1472 eos

310 1495 735 1564 perscinduntur
770 1495 927 1562 enim,
965 1495 1067 1549 nisi
1102 1499 1259 1550 recta
1292 1496 1557 1550 foramina
1591 1497 1829 1561 tranant,

312 1572 494 1640 qualia
529 1576 660 1627 sunt
693 1568 869 1639 vitrei,
906 1572 1116 1641 species
1153 1590 1264 1642 qua
1297 1573 1536 1627 travolat
1571 1573 1760 1627 omnis.

309 1653 601 1717 praeterea
632 1650 809 1718 partis
841 1651 897 1703 in
935 1653 1160 1704 cunctas
1193 1650 1459 1704 dividitur
1492 1666 1611 1715 vox,

310 1741 380 1778 ex
415 1725 535 1780 aliis
569 1726 707 1780 aliae
743 1727 995 1793 quoniam
1032 1727 1347 1794 gignuntur,
1381 1726 1476 1780 ubi
1513 1743 1622 1779 una

309 1801 549 1856 dissiluit
584 1802 751 1855 semel
787 1802 842 1854 in
878 1801 1079 1855 multas
1116 1805 1323 1869 exorta,
1360 1802 1515 1870 quasi
1548 1802 1690 1870 ignis
1958 1817 2030 1854 er,

308 1893 472 1947 saepe
507 1879 649 1932 solet
684 1876 917 1932 scintilla
954 1893 1077 1929 suos
1114 1893 1174 1930 se
1212 1893 1470 1944 spargere
1505 1876 1562 1929 in
1597 1877 1754 1945 ignis.

307 1970 438 2022 ergo
474 1951 759 2023 replentur
791 1953 908 2006 loca
942 1952 1178 2019 vocibus,
1215 1952 1423 2006 abdita.
1439 1956 1592 2006 retro

307 2029 492 2083 omnia
527 2045 668 2098 quae
701 2028 904 2082 circum
937 2027 1163 2082 fervunt
1196 2027 1488 2097 sonituque
1523 2028 1750 2097 cientur.

306 2109 367 2160 at
402 2106 691 2160 simulacra
722 2105 827 2159 viis
860 2105 1101 2159 derectis
1136 2105 1315 2158 omnia
1348 2104 1585 2158 tendunt

242 2226 248 2232 .
305 2186 371 2236 ut
406 2187 533 2238 sunt
568 2183 733 2236 missa
767 2181 966 2248 seme13
1001 2184 1340 2251 quapropter
1374 2198 1598 2235 cernere
1632 2196 1793 2235 nemo
1952 2196 2028 2235 mo

302 2276 524 2327 saepem
557 2260 704 2314 ultra
738 2259 885 2327 potis
918 2261 1019 2326 est,
1056 2263 1115 2314 at
1150 2275 1311 2313 voces
1344 2258 1593 2326 accipere
1627 2261 1800 2313 extra.

306 2339 364 2389 ct
388 2337 610 2390 tamen
595 2353 712 2405 ipsa
732 2352 950 2405 quoque
969 2335 1117 2403 haec,
1137 2336 1266 2390 dum
1287 2333 1489 2390 transit
1506 2333 1689 2389 clausa
1707 2334 2026 2390 domorum

307 2428 413 2466 vox
449 2411 774 2480 optunditur
808 2416 975 2480 atque
1010 2413 1173 2466 auris
1192 2413 1417 2467 confusa
1450 2415 1707 2480 penetrat

306 2493 365 2543 ct
402 2490 638 2542 sonitum
673 2488 857 2556 potius
893 2505 1056 2557 quam
1091 2489 1258 2542 verba
1293 2488 1488 2542 audire
1522 2488 1787 2543 videmur.

262 2626 266 2631 ,
307 2569 318 2575 ’
377 2565 430 2619 N
434 2582 509 2631 cc,
547 2564 640 2632 qui
677 2563 942 2617 sentimus
977 2581 1181 2632 sucum,
1217 2566 1404 2633 lingua
1438 2568 1608 2633 atque
1640 2564 1882 2633 palatum
1953 2579 2026 2617 615

306 2640 611 2712 plusculum
646 2639 854 2693 habent
886 2641 941 2693 in
978 2657 1037 2694 se
1072 2642 1298 2696 rationis
1333 2642 1456 2711 plus
1492 2657 1765 2710 operaeve.

304 2717 569 2787 principio
606 2721 795 2771 sucum‘
832 2717 1095 2771 sentimus
1129 2717 1189 2772 in
1225 2736 1334 2785 ore,
1374 2718 1555 2773 cibum
1592 2735 1715 2771 cum

305 2794 618 2848 mandendo
653 2794 1021 2862 exprimimus,
1057 2812 1159 2850 ceu
1194 2795 1410 2866 plenam
1448 2796 1729 2863 spongiam
1768 2795 1931 2863 aquai

307 2871 477 2939 siquis
510 2871 656 2925 forte
691 2888 855 2924 manu
890 2887 1143 2940 premere
1179 2889 1243 2927 ac
1278 2872 1480 2926 siccare
1516 2871 1711 2939 coepit.

303 2947 432 3000 inde
469 2947 617 3017 quod
652 2947 1007 3017 exprimimus
1040 2964 1144 3017 per
1177 2948 1361 3002 caulas
1395 2964 1553 3001 omne
1587 2948 1760 3018 palati
1950 2965 2024 3003 σεο

306 3022 519 3078 diditur
555 3030 614 3078 et
647 3041 806 3079 rarae
839 3024 1103 3094 perplexa
1136 3024 1403 3078 foramina
1436 3023 1670 3092 linguae.

306 3098 408 3154 hoc
443 3101 538 3154 ubi
574 3101 714 3156 levia
748 3105 877 3156 sunt
911 3098 1184 3156 manantis
1219 3118 1448 3171 corpora
1481 3102 1613 3169 suci,

307 3177 550 3230 suaviter
586 3179 867 3245 attingunt
901 3182 961 3232 et
996 3178 1238 3233 suaviter
1270 3178 1453 3232 omnia
1486 3180 1732 3232 tractant
