2259 3442
268 101 375 157 164
1051 95 1151 151 VI

256 199 588 270 corporibus,
622 199 711 252 cui
745 198 823 251 nil
857 198 1075 252 omnino
1110 196 1378 252 obsistere
1412 199 1602 268 possit.

247 276 455 342 *transit
488 275 635 330 enim
670 275 911 328 validum
944 274 1152 327 fulmen
1186 290 1289 343 per
1324 278 1512 343 saepta
1549 275 1850 344 domorum,

257 353 458 407 clamor
491 356 556 406 ut
590 368 653 405 ac
688 368 861 419 voces,
897 349 1098 404 transit
1132 367 1233 419 per
1271 366 1416 419 saxa,
1449 368 1551 419 per
1570 368 1726 420 aera,

256 432 315 483 et
348 427 613 497 liquidum
648 430 851 497 puncto
883 426 1015 479 facit
1049 442 1144 482 aes
1176 426 1235 480 in
1269 429 1519 495 tempore
1555 430 1614 481 et
1646 444 1855 494 aurum,
1890 442 1971 482 aeo

258 507 415 558 curat
450 504 586 557 item
622 504 764 557 vasis
799 503 1029 570 integris
1066 502 1194 556 vina
1226 506 1458 572 repente

258 580 561 647 diffugiant,
599 580 727 648 quia
759 578 1015 631 nimirum
1050 579 1211 634 facile
1245 578 1423 632 omnia
1457 579 1661 633 circum

260 655 511 709 conlaxat
545 671 778 724 rareque
813 655 947 709 facit
979 655 1303 710 lateramina
1337 655 1481 708 vasis

261 733 552 786 adveniens
586 731 733 785 calor
767 732 883 785 eius
918 735 977 786 et
1009 732 1315 785 insinuatus
1349 733 1408 784 in
1443 733 1621 801 ipsum

261 807 538 862 mobiliter
569 808 788 870 soluens
823 808 1009 863 differt
1041 808 1344 877 primordia
1376 808 1501 863 vini.
1891 824 1968 863 235

262 885 409 953 quod
442 885 569 939 solis
603 901 773 955 vapor
806 888 1045 939 aetatem
1078 902 1187 939 non
1214 901 1383 952 posse
1416 884 1638 938 videtur

262 962 475 1016 efficere
507 978 679 1030 usque
715 961 853 1016 adeo
886 961 1095 1031 pellens
1128 961 1348 1015 fervore
1381 977 1619 1014 corusce.

262 1041 418 1092 tanto
453 1038 705 1093 mobilior
738 1039 820 1092 vis
855 1043 915 1092 et
949 1037 1314 1094 dominantior
1350 1038 1484 1091 haec
1520 1041 1621 1091 cst.

331 1115 382 1168 N
385 1132 491 1170 unc
526 1132 591 1169 ea
626 1132 735 1183 quo
769 1117 933 1185 pacto
966 1114 1261 1182 gignantur
1296 1118 1356 1169 ct
1387 1116 1596 1182 impete
1629 1116 1787 1168 tanto

264 1190 398 1246 fiant
431 1194 496 1245 ut
530 1192 742 1259 possint
776 1191 893 1245 ictu
928 1190 1236 1244 discludere
1272 1190 1459 1258 turris„
1890 1206 1967 1246 κο

263 1268 441 1322 distm
442 1268 572 1322 bare
609 1268 815 1334 domos,
850 1268 1085 1322 avellere
1119 1267 1276 1334 tigna
1309 1267 1620 1337 trabesque,

223 1350 323 1398 ..et
355 1345 686 1398 monimenta
718 1344 897 1398 virum
933 1342 1184 1398 demoliri
1219 1346 1388 1412 atque
1422 1360 1682 1411 cremare,

264 1421 573 1475 exanimare
607 1420 868 1487 homineS,
903 1420 1143 1489 pecudes
1175 1424 1528 1488 prosternere
1561 1420 1780 1489 passim,

265 1502 451 1552 cetera
484 1497 555 1551 de
588 1511 788 1566 genere
824 1497 927 1551 hoc
962 1513 1071 1564 qua
1098 1497 1154 1550 vi
1187 1496 1370 1551 facere
1405 1497 1599 1551 omnia
1621 1498 1846 1566 possint,

264 1573 567 1644 expediam,
601 1589 777 1641 neque
802 1580 852 1630 te
885 1573 942 1626 in
975 1591 1044 1642 pr
1044 1573 1257 1627 omissis
1290 1573 1451 1643 plura
1485 1573 1756 1628 morabor.
1892 1588 1968 1627 215

336 1650 583 1703 Fulmina
615 1649 832 1718 gignier
866 1667 898 1704 e
934 1649 1131 1703 crassis
1166 1649 1387 1717 alteque
1420 1650 1781 1717 putandumst

265 1727 499 1781 nubibus
534 1726 832 1792 extructis3
865 1742 995 1779 nam
1029 1725 1181 1779 caelo
1218 1726 1365 1779 nulla
1401 1743 1595 1780 screno

265 1821 364 1858 nec
397 1802 590 1867 leviter
625 1803 809 1856 densis
844 1803 1144 1860 mittuntur
1179 1801 1414 1856 nubibus
1446 1819 1722 1871 umquam.

268 1897 391 1934 nam
427 1879 593 1933 dubio
627 1879 814 1949 procul
848 1879 951 1934 hoc
986 1877 1107 1932 fieri
1142 1878 1434 1932 manifesta
1469 1878 1632 1933 docet
1665 1896 1788 1946 res;

264 1956 412 2024 quod
446 1959 564 2010 tum
598 1972 699 2024 per
733 1958 913 2010 totum
949 1958 1303 2009 concrescunt
1338 1971 1467 2009 aera
1501 1954 1689 2021 nubea
1894 1970 1969 2009 250

267 2032 507 2101 undique
543 2033 624 2086 uti
658 2032 917 2086 tenebras
952 2031 1127 2086 omnis
1165 2031 1489 2086 Acherunta
1522 2049 1744 2087 reamur

265 2108 482 2176 liquisse
517 2111 576 2162 et
610 2124 834 2174 magnas
869 2108 1004 2162 caeli
1040 2107 1339 2176 complesse
1375 2124 1650 2163 cavernas

265 2200 438 2252 usque
472 2182 611 2237 adeo
645 2187 826 2237 taetra
862 2183 1171 2237 nimborum
1206 2187 1367 2237 nocte
1403 2189 1592 2239 coorta

264 2257 561 2327 inpendent
596 2262 750 2312 atrae
784 2259 1091 2313 formidinis
1126 2276 1224 2313 ora
1261 2277 1511 2329 superne,

264 2351 385 2387 cum
420 2334 716 2388 commoliri
753 2339 1053 2402 tempestas
1087 2335 1314 2389 fulmina
1349 2341 1582 2405 coeptat.
1893 2351 1968 2390 255

266 2401 553 2478 praeterea
589 2426 853 2478 persaepe
885 2410 1042 2478 niger
1076 2427 1296 2479 quoque
1330 2428 1432 2480 per
1467 2429 1618 2466 mare
1653 2412 1882 2478 nimbuS,

268 2490 328 2539 ut
362 2485 504 2555 picis
536 2502 567 2539 e
604 2485 751 2538 caelo
788 2485 1084 2540 demissum
1118 2486 1336 2554 fiumen,
1373 2487 1430 2540 in
1464 2488 1638 2541 undas

264 2562 339 2615 sic
375 2561 522 2616 cadit
556 2561 781 2615 effertus
814 2563 1057 2616 tenebris
1092 2563 1281 2632 procul
1317 2566 1376 2617 et
1410 2564 1582 2618 trahit
1617 2567 1794 2618 atram

262 2637 578 2692 fulminibus
612 2638 893 2705 gravidam
930 2642 1321 2707 tempestatem
1356 2643 1524 2708 atque
1560 2640 1828 2709 procellis,

264 2713 480 2781 ignibus
514 2731 577 2767 ac
613 2714 794 2768 ventis
829 2731 952 2768 cum
988 2715 1180 2782 primis
1213 2715 1332 2783 ipse
1366 2716 1628 2784 repletus,
1896 2732 1971 2771 κω

263 2788 319 2841 in
354 2791 505 2844 terra
540 2806 756 2858 quoque
791 2792 856 2843 ut
889 2789 1209 2844 horrescant
1243 2806 1308 2843 ac
1341 2793 1491 2845 tecta
1525 2792 1823 2859 requirant.

265 2864 342 2915 sic
373 2863 545 2930 igitur
580 2881 780 2933 supera
814 2869 1062 2919 nostrum
1098 2869 1263 2934 caput
1299 2882 1420 2920 esse
1454 2868 1816 2936 putandumst

265 2940 650 3006 tempestatem
688 2941 872 2994 altam
906 2958 1085 3011 neque
1120 2942 1264 2994 enim
1301 2943 1529 3010 caligine
1564 2947 1721 2998 tanta

265 3011 563 3064 obruerent
597 3017 791 3080 terras,
828 3017 930 3070 nisi
966 3016 1314 3071 inaedificata
1349 3035 1583 3086 superne

267 3081 441 3138 multa
471 3085 651 3139 forent
685 3056 877 3145 multis
912 3095 1170 3161 exempto
1207 3092 1394 3146 nubila
1429 3095 1571 3159 sole3
1901 3113 1975 3153 265

264 3177 363 3213 nec
397 3161 554 3212 tanto
588 3168 812 3228 possent
845 3166 1126 3219 xenientes
1163 3169 1468 3234 opprimere
1504 3171 1684 3239 imbri,
