2259 3442
150 0 491 11 -7(5-—-.-..„-7
544 0 549 2 .

1151 112 1222 169 II
1959 112 2037 168 43

333 217 578 272 carmina
609 214 873 270 consimili
904 215 1122 270 ratione
1158 230 1422 285 oppressa
1456 215 1693 270 silerent.

331 309 566 361 namque
600 292 718 346 aliis
752 290 902 346 aliud
934 291 1307 361 praestantius
1341 296 1674 346 exoreretur.

333 369 534 424 cedere
568 370 703 423 item
738 372 890 422 retro
924 371 1152 438 possent
1185 368 1242 421 in
1279 368 1582 423 deteriores

332 446 513 499 omnia
543 446 622 500 sic
655 445 846 514 partis,
880 449 944 498 ut
979 445 1214 498 diximus
1247 445 1306 499 in
1340 445 1595 498 melioris,

331 537 567 591 namque
602 522 722 575 aliis
755 520 903 574 aliud
938 525 1089 575 retro
1128 536 1344 590 quoqne
1379 522 1611 576 taetrius
1644 525 1795 577 esset
1966 537 2035 578 51⁰

330 596 554 651 naribus
589 597 809 651 auribus
845 600 1013 666 atque
1048 597 1218 651 oculis
1253 597 1470 666 orisque
1505 598 1702 669 sapori.

331 690 471 741 quae
506 674 758 741 quoniam
793 689 901 727 non
937 677 1079 741 sunt,
1116 674 1214 728 sed
1243 673 1410 728 rebus
1444 674 1665 729 reddita
1704 677 1859 730 certa

250 769 259 778 ·
329 749 452 804 finis
483 750 762 819 utrimque
795 753 951 805 tenet
986 766 1269 819 summam,
1302 751 1511 805 fateare
1545 754 1824 807 necessest

332 827 618 880 materiem
656 844 871 896 quoque
906 827 1073 881 finitis
1109 827 1331 881 differre
1368 827 1572 896 figuris.

330 900 565 971 denique
600 902 670 956 ab
704 903 921 971 ignibus
956 904 1029 957 ad
1062 902 1272 971 gelidas
1307 904 1418 956 iter
1449 921 1621 972 usque
1655 905 1880 974 pruinas
1961 920 2036 962 515

327 977 599 1032 finitumst
632 983 891 1048 retroque
925 980 1047 1048 pari
1081 980 1291 1032 ratione
1326 983 1706 1035 remensumst.

329 1053 536 1107 extima
569 1056 711 1108 enim
750 1055 896 1109 calor
931 1071 996 1108 ac
1028 1054 1217 1121 frigus,
1254 1055 1531 1126 mediique
1565 1060 1787 1125 tepores

327 1129 703 1201 interutraquo
736 1131 916 1184 iacent
951 1130 1237 1200 explentes
1273 1131 1467 1186 ordine
1502 1148 1784 1186 summam.

329 1221 460 1273 ergo
496 1206 652 1259 finita
686 1206 894 1260 distant
928 1206 1153 1260 ratione·
1166 1209 1379 1274 creata,

327 1281 553 1352 ancipiti
587 1282 844 1349 quoniam
877 1281 1122 1335 mucroni
1154 1281 1430 1350 utrimque
1464 1285 1738 1352 notantur,
1963 1300 2037 1340 σεο

327 1357 452 1412 hinc
488 1358 719 1412 flammis
752 1358 900 1413 illinc
936 1358 1126 1427 rigidis
1162 1358 1363 1412 infesta
1396 1360 1619 1429 pruinis,
2024 1388 2096 1437 ς,

399 1435 559 1500 Quod
592 1434 849 1503 quoniam
885 1434 1060 1501 docui,
1097 1451 1326 1504 pergam
1361 1438 1650 1490 conectere
1687 1451 1806 1490 rem
1840 1452 1982 1504 quae

327 1528 397 1564 ex
432 1511 535 1566 hoc
571 1514 704 1581 apta
739 1511 905 1565 fidem
942 1511 1124 1580 ducat,
1160 1512 1459 1582 primordia
1493 1529 1693 1580 rerum,

323 1588 470 1641 inter
505 1604 565 1642 se
601 1588 763 1641 simili
798 1605 940 1657 quae
974 1591 1104 1642 sunt
1138 1588 1384 1656 perfecta
1420 1589 1615 1656 figura,
1654 1642 1661 1649 ,

323 1664 540 1724 infinita
575 1665 772 1720 cluere.
808 1665 1011 1719 etenim
1048 1664 1310 1718 distantia
1345 1682 1469 1719 cum
1509 1664 1581 1718 sit
1959 1681 2033 1720 525

324 1740 619 1795 formarum
654 1740 825 1808 finita,
861 1757 1085 1794 necesse
1121 1743 1209 1795 est
1244 1758 1382 1809 quae
1418 1741 1622 1795 similes
1658 1743 1771 1798 sint

326 1832 446 1871 esse
479 1817 718 1870 infinitas
752 1820 849 1870 aut
885 1832 1151 1870 summam
1186 1818 1436 1870 materiai

328 1892 535 1946 finitam
572 1896 841 1961 constare,
876 1892 935 1945 id
970 1891 1120 1961 quod
1156 1908 1264 1945 non
1302 1909 1422 1946 esse
1457 1894 1685 1961 probavi

328 1968 574 2022 versibus
610 1968 905 2021 ostendens
940 1967 1262 2035 corpuscula
1295 1969 1545 2022 materiai
1911 2016 1920 2024 .

325 2061 396 2098 cx
428 2044 644 2098 infinito
680 2060 946 2097 summam
980 2059 1167 2097 rerum
1201 2059 1374 2110 usque
1409 2046 1617 2113 tenere,
1958 2060 2033 2101 530

324 2120 569 2188 undique
603 2120 817 2201 protelo
854 2120 1138 2190 plagarum
1175 2119 1505 2174 continuato.
1621 2111 1633 2120 “

324 2213 452 2251 nam
486 2197 635 2267 quod
670 2214 793 2250 rara
828 2196 985 2250 vides
1018 2195 1192 2263 magis
1227 2212 1348 2250 esse
1383 2197 1634 2251 animalia
1668 2198 1939 2267 quaedam

323 2273 721 2344 fecundamque
755 2274 934 2328 minus
968 2276 1220 2326 naturam
1258 2273 1434 2327 cernis
1468 2273 1524 2326 in
1559 2273 1680 2343 illis,

326 2353 386 2405 at
419 2351 641 2420 regione
674 2351 901 2421 locoque
937 2351 1043 2404 alio
1080 2351 1353 2420 terrisque
1388 2352 1614 2405 remotis

323 2427 499 2481 multa
521 2427 652 2482 licet
673 2444 875 2496 genere
899 2445 1018 2482 esse
1054 2429 1110 2480 in
1137 2444 1201 2481 eo
1225 2443 1618 2496 numerumque
1641 2427 1877 2496 repleri;
1959 2444 2032 2483 535

325 2504 465 2557 sicut
501 2503 900 2572 quadripedum
938 2520 1061 2557 cum
1097 2504 1288 2573 primis
1325 2519 1446 2557 esse
1481 2504 1729 2557 videmus

322 2579 381 2632 in
414 2596 617 2648 genere
654 2580 1011 2649 anguimanus
1050 2580 1382 2649 elepliantOS‚
1418 2579 1582 2634 India
1615 2596 1848 2648 quorum
1920 2610 1947 2646 ι)
2012 2592 2081 2631 ·.“,
2109 2586 2119 2593 “
2172 2570 2189 2583 “

323 2654 543 2710 milibus
579 2673 611 2710 e
645 2657 834 2709 multis
869 2658 1010 2710 vallo
1048 2657 1294 2711 munitur
1329 2656 1551 2725 eburn0‚

323 2734 387 2784 ut
421 2732 641 2801 penitus
676 2736 912 2802 nequeat
947 2734 1253 2802 penetrari:
1287 2734 1444 2786 tanta
1477 2731 1716 2786 ferarum

324 2807 406 2862 tris
443 2811 544 2876 est,
583 2826 812 2877 quarum
849 2826 948 2862 nos
983 2826 1259 2878 perpauca
1293 2807 1546 2876 exempla
1580 2808 1845 2864 videmus.
1957 2826 2029 2866 540

325 2882 425 2937 sed
460 2888 644 2939 tamen
681 2885 740 2939 id
776 2902 993 2954 quoque
1027 2887 1112 2939 uti
1149 2885 1463 2953 concedam,
1498 2883 1818 2952 quamlubet
1855 2891 1975 2939 esto

323 2959 482 3014 unica
516 2976 606 3014 res
641 2962 910 3030 quaedam
946 2963 1132 3017 nativo
1168 2977 1396 3032 corpore
1432 2960 1559 3025 sola,

323 3036 411 3088 cui
449 3037 639 3090 similis
673 3041 793 3092 toto
828 3044 1101 3094 terrarum
1138 3039 1301 3093 nulla
1336 3038 1409 3092 sit
1443 3035 1592 3103 orbi3

323 3111 538 3166 infinita
572 3116 752 3168 tamen
787 3115 892 3170 nisi
931 3115 1038 3169 erit
1073 3115 1156 3169 vis
1190 3113 1440 3169 materiai

323 3187 473 3242 unde
508 3203 576 3243 ea
608 3192 855 3260 progigni
891 3193 1067 3262 possit
1101 3195 1380 3262 concepta,
1417 3189 1593 3244 creari
1953 3198 2029 3239 ⁶45
