2259 3442
278 111 393 169 124
1109 106 1172 162 V

268 215 418 283 quod
452 214 641 283 procul
676 230 710 266 a
746 212 903 266 nobis
937 211 1126 265 flectat
1161 212 1382 264 fortuna
1415 209 1745 277 gubernans,

268 296 327 344 et
360 292 503 345 ratio
540 290 721 359 potius
757 306 920 357 quam
957 304 1045 341 res
1078 286 1413 355 persuadeat
1447 287 1569 354 ipsa

269 367 548 421 succidere
582 366 862 419 horrisono
898 380 1058 434 posse
1095 363 1276 416 omnia
1310 361 1456 415 vieta
1489 364 1721 429 fragore.

336 443 482 514 [Qua
516 442 667 512 prius
704 441 998 509 adgrediar
1032 457 1198 508 quam
1233 439 1305 492 de
1340 456 1403 492 re
1438 438 1669 492 fundere
1705 438 1822 491 fata
1896 451 1971 490 110

268 520 506 574 sanctius
541 523 600 573 et
633 518 805 572 multo
840 521 993 571 certa
1023 516 1240 570 ratione
1274 516 1448 583 magis
1484 531 1652 584 quam

269 596 465 664 Pythia
499 612 639 665 quae
676 594 892 664 tripode
928 611 962 646 a
998 592 1204 647 Phoebi
1243 592 1507 661 lauroque
1541 591 1807 661 profatur,

268 672 442 726 multa
476 672 582 725 tibi
616 671 907 740 expediam
944 670 1119 723 doctis
1153 669 1352 723 solacia
1388 668 1581 733 dictis,
1568 688 1580 700 ·

267 748 529 816 religione
563 748 873 800 refrenatus
908 764 977 800 ne
1012 746 1096 799 for
1098 749 1156 799 te
1192 745 1364 799 rearis

268 828 445 878 terras
480 826 539 877 et
574 823 742 876 solem
781 825 838 876 et
874 822 1098 890 caelum,
1137 838 1289 875 mare
1327 821 1508 875 sidera
1542 821 1741 890 lunam,
1897 829 1969 873 115

268 916 496 969 corpore
532 899 714 952 divino
751 899 955 953 debere
991 882 1217 953 aeterna
1251 915 1489 965 manere,

268 980 674 1045 proptereaque
709 979 872 1043 putes
909 976 1022 1029 ritu
1055 992 1160 1064 par
1196 991 1317 1028 esse
1354 974 1652 1041 Gigantum

268 1052 513 1122 pendere
549 1069 641 1106 eos
676 1068 880 1122 poenas
912 1051 1116 1104 inmani
1154 1067 1254 1120 pro
1291 1050 1498 1104 scelere
1533 1051 1706 1104 omnis

269 1128 363 1197 qui
399 1129 610 1184 ratione
646 1146 744 1182 sua
780 1127 1093 1182 disturbent
1128 1127 1345 1180 moenia
1379 1126 1569 1180 mundi

268 1206 718 1275 praeclarumque
754 1205 925 1259 velint
960 1204 1093 1257 caeli
1129 1203 1472 1270 restinguere
1508 1203 1676 1257 solem
1898 1219 1972 1258 120

271 1282 578 1336 inmortalia
613 1281 832 1335 mortali
868 1296 1117 1335 sermone
1153 1283 1438 1344 notantes;

270 1375 411 1427 quae
444 1358 635 1428 procul
669 1374 847 1426 usque
880 1357 1018 1410 adeo
1055 1357 1236 1410 divino
1271 1374 1304 1410 a
1340 1356 1560 1410 numine
1596 1358 1817 1424 distent,

268 1435 434 1502 inque
470 1434 633 1487 deum
668 1451 895 1487 numero
931 1450 1068 1500 quae
1105 1434 1215 1487 sint
1250 1433 1476 1501 indigna
1511 1434 1700 1502 videri,

269 1511 519 1564 notitiam
552 1510 737 1578 potius
773 1509 1038 1578 praebere
1072 1513 1137 1563 ut
1170 1526 1329 1579 posse
1365 1514 1633 1578 putentur

269 1586 403 1654 quid
438 1587 510 1639 sit
543 1586 694 1640 vitali
730 1589 884 1639 motu
919 1601 1188 1654 sensuque
1225 1590 1509 1640 remotum.
1895 1602 1970 1642 125

269 1663 471 1732 quippe
507 1662 709 1716 etenim
746 1679 853 1716 non
888 1666 989 1729 est,
1026 1679 1150 1715 cum
1187 1662 1376 1730 quovis
1415 1680 1642 1732 corpore
1675 1666 1741 1719 ut
1775 1681 1896 1719 esse

270 1755 429 1808 posse
464 1739 628 1792 animi
664 1742 861 1793 natura
894 1742 1121 1808 putetur
1158 1738 1576 1807 consiliumque3

267 1815 408 1870 sicut
443 1815 500 1869 in
534 1815 759 1869 aethere
794 1832 902 1869 non
937 1814 1114 1878 arbor,
1150 1831 1256 1868 uon
1293 1831 1529 1883 aequore
1565 1817 1706 1870 salso

269 1891 442 1946 nubes
477 1908 596 1946 esse
632 1896 840 1961 queunt
874 1909 1053 1961 neque
1087 1893 1265 1961 pisces
1301 1890 1485 1945 vivere
1523 1893 1578 1945 in
1614 1894 1755 1947 arvis

266 1985 367 2022 nec
403 1985 562 2022 cruor
596 1968 654 2021 in
689 1969 852 2037 lignis
885 1986 1064 2037 neque
1101 1969 1246 2022 saxis
1283 1985 1444 2021 sucus
1479 1969 1670 2023 inesse.
1894 1985 1987 2026 130,

268 2048 479 2099 certum
516 2062 580 2099 ac
617 2044 998 2114 dispositumst
1033 2044 1129 2098 ubi
1166 2044 1412 2113 quicquit
1447 2049 1659 2100 crescat
1693 2049 1752 2100 et
1784 2045 1931 2101 insit.
1957 2042 1967 2047 ”

233 2121 238 2136 ’
270 2121 345 2174 sic
382 2122 547 2175 animi
582 2124 779 2175 natura
814 2122 1005 2189 nequit
1040 2121 1160 2173 sine
1195 2136 1422 2188 corpore
1459 2121 1589 2174 oriri

268 2197 382 2250 sola
414 2215 593 2267 neque
628 2215 662 2252 a
695 2198 877 2251 nervis
913 2200 971 2251 et
1006 2197 1267 2264 sanguine
1304 2197 1539 2265 long-iter
1574 2215 1707 2252 esse.

267 2273 414 2341 quod
450 2274 495 2327 si
531 2275 739 2342 (posset
775 2274 920 2328 enim
955 2273 1129 2327 multo
1166 2273 1335 2341 prius)
1375 2274 1494 2343 ipsa
1530 2276 1693 2328 animi
1728 2276 1810 2330 vis

265 2350 322 2403 in
358 2350 538 2418 capite
574 2353 670 2403 aut
706 2350 910 2403 umeris
945 2353 1043 2403 aut
1076 2349 1200 2404 imis
1236 2350 1474 2404 calcibus
1510 2368 1630 2405 esse
1888 2368 1962 2407 135

179 2431 220 2452 '⁸
265 2429 451 2495 posset
485 2430 546 2480 et
579 2426 785 2479 innasci
820 2426 1011 2494 quavis
1045 2426 1101 2479 in
1139 2430 1313 2495 parte,
1351 2428 1554 2483 soleret

265 2502 490 2556 tandem
513 2502 569 2556 in
595 2501 788 2556 eodem
813 2502 1027 2557 homine
1052 2507 1220 2572 atque
1245 2504 1300 2556 in
1327 2503 1521 2558 eodem
1545 2521 1674 2558 vase
1696 2521 1931 2560 manere.

201 2635 206 2642 Δ
264 2579 414 2647 quod
450 2580 705 2648 quoniam
739 2583 926 2634 nostro
964 2597 1179 2649 quoque
1213 2583 1426 2634 constat
1461 2597 1685 2649 corpore
1720 2586 1931 2637 certum

267 2656 699 2727 dispositumque
735 2656 953 2711 videtur
987 2657 1081 2710 ubi
1116 2673 1237 2711 esse
1271 2660 1330 2711 et
1364 2673 1610 2712 crescere
1645 2659 1820 2727 possit

266 2748 509 2785 seorsum
526 2734 705 2787 anima
721 2737 888 2800 atque
907 2734 1135 2799 animm,
1153 2736 1312 2787 tanto
1328 2734 1503 2802 magis
1520 2734 1863 2789 infitiandum
1894 2749 1969 2788 140

266 2809 443 2860 totum
479 2817 638 2877 posse
674 2812 832 2862 extra
865 2826 1063 2879 corpus
1095 2809 1436 2877 formamque
1470 2810 1760 2864 animalem

264 2881 519 2949 putribus
552 2884 607 2936 in
641 2883 816 2951 glebis
852 2888 1125 2938 terrarum
1159 2887 1256 2937 aut
1292 2885 1421 2938 solis
1456 2886 1523 2938 in
1557 2885 1672 2954 igni

264 2959 362 3009 aut
395 2956 450 3009 in
488 2972 629 3024 aqua
664 2959 865 3013 durare
900 2964 997 3013 aut
1031 2960 1157 3013 altis
1192 2959 1432 3013 aetheris
1468 2961 1591 3014 oris.

263 3028 413 3082 haud
447 3030 617 3097 igitur
652 3038 905 3088 constant
941 3034 1125 3088 divino
1161 3033 1417 3103 praedita
1453 3052 1631 3104 sensu,

266 3104 706 3174 quandoquidem
741 3113 1019 3176 nequeunt
1052 3110 1296 3163 vitaliter
1331 3125 1450 3163 esse
1484 3112 1738 3165 animata.
1893 3128 1966 3168 145

336 3179 485 3233 Illud
518 3181 651 3234 item
688 3199 797 3236 non
832 3187 919 3237 est
951 3187 1015 3237 ut
1048 3185 1224 3253 possis
1258 3184 1500 3249 credere,
1535 3186 1696 3241 sedes
