2259 3442
1115 108 1216 165 v1
1863 92 1867 96 ’
1899 108 2011 164 163

304 230 378 270 ne
412 213 516 268 tibi
553 214 624 268 sit
659 212 807 267 frudi
838 212 987 281 quod
1022 228 1120 264 nos
1157 209 1370 264 inferne
1407 211 1654 264 videmus

303 307 469 359 quam
494 290 604 343 sint
627 290 740 342 lata
764 288 934 355 magis
959 304 1120 355 quam
1149 302 1362 339 sursum
1385 290 1637 340 extructa
1654 286 1790 355 quid
1807 288 2015 342 extent.

303 365 702 434 contemplator
737 364 897 430 euim,
932 379 1056 416 cum
1091 361 1372 416 montibus
1409 362 1740 418 adsimulata

302 440 494 496 nubila
527 440 826 511 portabunt
863 440 1013 492 venti
1048 443 1364 494 transversa
1399 455 1501 508 per
1535 457 1713 506 auras,
1944 454 2017 495 190

302 522 400 572 aut
434 518 531 571 ubi
566 534 667 587 per
703 532 927 584 magnos
963 516 1166 569 montis
1203 516 1481 570 cumulata
1513 515 1729 571 videbis

301 594 527 664 insuper
565 610 684 648 esse
718 592 837 646 aliis
872 592 980 645 alia
1015 595 1184 661 atque
1220 609 1457 661 urguere
1492 609 1729 662 superne

302 669 360 733 in
397 671 633 725 statione
668 669 845 723 locata
882 668 1113 737 sepultis
1152 668 1396 736 undique
1410 670 1620 740 ¹ventis.

301 750 423 801 tum
457 747 665 816 poteris
700 762 927 815 magnas
963 745 1135 799 moles
1173 761 1501 814 cognoscere
1536 762 1725 801 eorum

302 824 697 893 speluncasque
731 823 883 878 velut
918 823 1066 878 saxis
1100 822 1453 892 pendentibu’
1490 825 1730 877 structas
1946 837 2018 877 195

302 917 541 968 cernere,
577 917 713 969 quas
748 900 898 954 venti
934 917 1056 953 cum
1100 902 1436 968 tempestate
1470 904 1657 953 coorta

302 976 645 1044 conplerunt,
681 992 878 1044 magno
913 975 1272 1043 indignantur
1306 990 1586 1028 murmure
1620 974 1789 1028 clausi

302 1052 541 1106 nubibus
576 1051 633 1105 in
668 1052 954 1119 caveisque
971 1091 974 1094 .
992 1052 1235 1104 ferarum
1270 1067 1422 1104 more
1457 1051 1762 1116 minantur;

303 1145 446 1182 nune
481 1128 607 1182 hinc
642 1143 785 1180 nunc
820 1126 967 1180 illinc
1003 1126 1260 1180 fremitus
1296 1143 1398 1195 per
1433 1126 1618 1179 nubila
1652 1126 1880 1181 mittunt

303 1207 741 1272 quaerentesque
778 1203 921 1256 viam
957 1202 1162 1255 circum
1197 1205 1488 1256 versantur
1522 1206 1582 1257 et
1617 1202 1759 1271 iguis
1945 1217 2018 1257 20³

304 1280 512 1334 semina
547 1279 874 1333 convolvunt
909 1295 937 1333 e
970 1276 1208 1332 nubibus
1243 1281 1411 1348 atque
1445 1279 1526 1333 ita
1559 1282 1762 1347 cogunt

304 1357 480 1411 multa
514 1359 807 1424 rotantque
843 1355 990 1410 cavis
1025 1354 1301 1409 flammam
1334 1355 1646 1409 fornacibus
1680 1355 1846 1424 intus,

244 1497 250 1501 ,
305 1433 478 1488 donec
514 1432 730 1487 divolsa
763 1432 1037 1486 fulserunt
1069 1431 1218 1486 nube
1252 1432 1477 1487 corusci.

378 1510 516 1565 Hae'
537 1509 706 1563 etiam
740 1510 809 1564 fit
841 1509 924 1563 uti
960 1509 1031 1563 de
1063 1525 1231 1563 causa
1265 1507 1481 1563 mobilis
1509 1510 1603 1563 ille

307 1586 526 1641 devolet
560 1586 617 1639 in
654 1590 860 1640 terram
897 1586 1091 1655 liquidi
1127 1586 1276 1639 color
1290 1597 1295 1600 ⁴
1311 1599 1508 1640 aureus
1541 1586 1701 1654 ignis,
1947 1599 2021 1639 206

307 1664 514 1717 sem'na
550 1663 699 1731 quod
734 1661 907 1716 nubes
942 1662 1089 1731 ipsas
1125 1662 1400 1731 permulta
1434 1666 1718 1718 necessust

304 1740 446 1806 iguis
481 1739 715 1803 habere3
752 1739 956 1792 etenim
989 1755 1111 1792 cum
1152 1741 1281 1792 sunt
1314 1754 1504 1792 umore
1542 1740 1658 1794 sine
1694 1738 1821 1804 ullo,

307 1815 592 1868 flammeus
625 1817 714 1867 est
748 1814 1068 1882 plerumque
1103 1813 1250 1866 colos
1284 1815 1344 1867 et
1380 1814 1701 1882 splendidus
1736 1815 1875 1868 ollis.

307 1891 439 1960 quin
474 1889 641 1944 etiam
677 1889 806 1942 solis
842 1889 913 1942 de
947 1888 1153 1942 lumine
1188 1888 1363 1942 multa
1397 1896 1676 1945 necessest

306 1968 606 2036 concipere,
641 1968 707 2019 ut
740 1965 940 2020 merito
976 1965 1211 2019 rubeant
1246 1964 1511 2032 ignesque
1545 1966 1897 2034 profundant.
1947 1980 2020 2020 210

307 2042 468 2096 hasce
504 2042 672 2110 igitur
706 2058 830 2096 cum
864 2046 1061 2096 ventus
1102 2057 1270 2109 agens
1305 2043 1579 2096 contrusit
1611 2044 1668 2096 in
1702 2059 1870 2096 unum

308 2119 744 2188 compressitque
778 2118 955 2172 locum
992 2134 1206 2187 cogens,
1245 2133 1505 2187 expressa
1543 2119 1883 2188 profundunt

310 2195 516 2248 semina
551 2211 691 2263 quae
725 2194 934 2249 faciunt
970 2194 1220 2248 flammae
1256 2194 1467 2262 fulgere
1501 2196 1722 2250 colores.

306 2271 469 2339 fulgit
504 2272 655 2338 item,
693 2288 818 2326 eum
853 2274 1142 2325 rarescunt
1177 2286 1398 2339 quoque
1431 2271 1619 2325 nubila
1652 2273 1803 2328 caeli.

308 2363 434 2400 nam
470 2364 593 2401 cum
629 2352 826 2401 ventus
862 2364 956 2401 eas
990 2347 1192 2402 leviter
1226 2347 1439 2402 diducit
1474 2349 1656 2404 euntis
1949 2364 2023 2403 215

309 2423 682 2491 dissoluitque‚
718 2423 920 2478 cadant
954 2424 1188 2493 ingratis
1221 2423 1319 2478 illa
1350 2428 1629 2480 necessest
1763 2469 1776 2485 .

308 2499 514 2553 semina
553 2515 695 2566 quae
730 2498 941 2553 faciunt
977 2500 1268 2569 fulgorem.
1303 2503 1426 2554 tum
1461 2501 1575 2555 sine
1608 2504 1792 2557 taetro

306 2580 521 2629 terrore
558 2577 616 2628 et
652 2575 832 2629 sonitu
866 2576 1030 2644 fulgit
1065 2577 1327 2644 nulloque
1361 2577 1616 2631 tumultu.

381 2650 541 2717 Quod
577 2654 845 2721 superest,
880 2652 1044 2719 quali
1076 2656 1276 2706 natura
1310 2652 1562 2721 praedita
1596 2655 1850 2708 constent

305 2726 547 2793 fulmina,
586 2725 869 2782 declarant
903 2723 1064 2783 ictus
1086 2730 1147 2782 et
1179 2728 1363 2782 inusta
1398 2727 1616 2797 vaporis
1951 2743 2025 2784 220

307 2803 463 2872 signa
496 2806 773 2873 notaeque
809 2804 991 2872 gravis
1026 2804 1264 2859 halantis
1301 2803 1542 2874 sulpuris
1576 2821 1752 2859 auras.

306 2879 447 2949 ignis
481 2880 627 2934 enim
664 2884 795 2934 sunt
829 2880 964 2934 haec
998 2898 1107 2934 non
1146 2881 1297 2934 venti
1339 2881 1494 2949 signa
1527 2897 1707 2949 neque
1740 2880 1952 2936 imbris.

309 2959 599 3026 praeterea
636 2973 799 3024 saepe
834 2956 1143 3011 accendunt
1180 2973 1397 3026 quoque
1434 2960 1584 3011 tecta
1620 2957 1907 3012 domorum

308 3036 366 3086 et
400 3034 564 3087 celeri
599 3034 816 3087 flamma
851 3033 1203 3086 dominantur
1238 3032 1292 3085 in
1333 3033 1560 3087 aedibus
1595 3033 1743 3103 ipsis.

310 3109 451 3163 hunc
486 3109 591 3162 tibi
628 3109 888 3163 subtilem
924 3125 1047 3162 cum
1083 3108 1277 3178 primis
1313 3108 1539 3176 ignibus
1565 3109 1748 3179 ignem
1950 3125 2025 3165 22⁵

312 3185 603 3240 constituit
636 3189 835 3240 natura
866 3185 1091 3240 minutis
1126 3183 1527 3254 mobi.ibusque
