<?xml version="1.0" encoding="UTF-8"?>
<!DOCTYPE html PUBLIC "-//W3C//DTD XHTML 1.0 Transitional//EN"
    "http://www.w3.org/TR/xhtml1/DTD/xhtml1-transitional.dtd">
<html xmlns="http://www.w3.org/1999/xhtml" xml:lang="en" lang="en">
 <head>
  <title>
</title>
<meta http-equiv="Content-Type" content="text/html;charset=utf-8" />
  <meta name='ocr-system' content='tesseract 3.04.00' />
  <meta name='ocr-capabilities' content='ocr_page ocr_carea ocr_par ocr_line ocrx_word'/>
</head>
<body>
  <div class='ocr_page' id='page_1' title='image "./tlucreticarider03unkngoog_0184.png"; bbox 0 0 2259 3442; ppageno 0'>
   <div class='ocr_carea' id='block_1_1' title="bbox 258 91 1122 156">
    <p class='ocr_par' dir='ltr' id='par_1_1' title="bbox 258 91 1122 156">
     <span class='ocr_line' id='line_1_1' title="bbox 258 91 1122 156; baseline -0.009 -1"><span class='ocrx_word' id='word_1_1' title='bbox 258 98 373 156; x_wconf 85' lang='lat'><strong>140</strong></span> <span class='ocrx_word' id='word_1_2' title='bbox 1076 91 1122 147; x_wconf 91' lang='lat' dir='ltr'>V</span> 
     </span>
    </p>
   </div>
   <div class='ocr_carea' id='block_1_2' title="bbox 253 196 1971 3238">
    <p class='ocr_par' dir='ltr' id='par_1_2' title="bbox 255 196 1652 271">
     <span class='ocr_line' id='line_1_2' title="bbox 255 196 1652 271; baseline -0.003 -16"><span class='ocrx_word' id='word_1_3' title='bbox 255 218 364 271; x_wconf 90' lang='lat' dir='ltr'><strong>quo</strong></span> <span class='ocrx_word' id='word_1_4' title='bbox 398 200 577 255; x_wconf 86' lang='lat' dir='ltr'><strong>minus</strong></span> <span class='ocrx_word' id='word_1_5' title='bbox 611 202 699 254; x_wconf 89' lang='lat' dir='ltr'><strong>est</strong></span> <span class='ocrx_word' id='word_1_6' title='bbox 733 199 932 252; x_wconf 88' lang='lat' dir='ltr'><strong>mirum</strong></span> <span class='ocrx_word' id='word_1_7' title='bbox 967 198 1014 251; x_wconf 88' lang='lat' dir='ltr'><strong>si</strong></span> <span class='ocrx_word' id='word_1_8' title='bbox 1051 199 1205 250; x_wconf 79' lang='lat' dir='ltr'><strong>certo</strong></span> <span class='ocrx_word' id='word_1_9' title='bbox 1239 197 1488 265; x_wconf 87' lang='lat' dir='ltr'><strong>tempore</strong></span> <span class='ocrx_word' id='word_1_10' title='bbox 1521 196 1652 251; x_wconf 80' lang='lat' dir='ltr'><strong>luna</strong></span> 
     </span>
    </p>

    <p class='ocr_par' dir='ltr' id='par_1_3' title="bbox 254 274 1532 348">
     <span class='ocr_line' id='line_1_3' title="bbox 254 274 1532 348; baseline -0.006 -16"><span class='ocrx_word' id='word_1_11' title='bbox 254 278 500 348; x_wconf 82' lang='lat' dir='ltr'>gignitur</span> <span class='ocrx_word' id='word_1_12' title='bbox 535 282 594 332; x_wconf 91' lang='lat' dir='ltr'><strong>et</strong></span> <span class='ocrx_word' id='word_1_13' title='bbox 619 279 781 330; x_wconf 76' lang='lat' dir='ltr'><strong>certo</strong></span> <span class='ocrx_word' id='word_1_14' title='bbox 820 274 1037 327; x_wconf 89' lang='lat' dir='ltr'><strong>deletur</strong></span> <span class='ocrx_word' id='word_1_15' title='bbox 1072 277 1322 344; x_wconf 78' lang='lat' dir='ltr'><strong>tempore</strong></span> <span class='ocrx_word' id='word_1_16' title='bbox 1357 289 1532 339; x_wconf 90' lang='lat' dir='ltr'><strong>rusus,</strong></span> 
     </span>
    </p>

    <p class='ocr_par' dir='ltr' id='par_1_4' title="bbox 254 350 1969 497">
     <span class='ocr_line' id='line_1_4' title="bbox 254 350 1969 422; baseline -0.004 -13"><span class='ocrx_word' id='word_1_17' title='bbox 254 372 380 410; x_wconf 88' lang='lat' dir='ltr'><strong>cum</strong></span> <span class='ocrx_word' id='word_1_18' title='bbox 415 354 534 407; x_wconf 91' lang='lat' dir='ltr'><strong>fieri</strong></span> <span class='ocrx_word' id='word_1_19' title='bbox 571 353 779 422; x_wconf 81' lang='lat' dir='ltr'><strong>possint</strong></span> <span class='ocrx_word' id='word_1_20' title='bbox 814 355 927 404; x_wconf 86' lang='lat' dir='ltr'><strong>tam</strong></span> <span class='ocrx_word' id='word_1_21' title='bbox 962 352 1113 403; x_wconf 88' lang='lat' dir='ltr'><strong>certo</strong></span> <span class='ocrx_word' id='word_1_22' title='bbox 1151 353 1398 417; x_wconf 87' lang='lat' dir='ltr'><strong>tempore</strong></span> <span class='ocrx_word' id='word_1_23' title='bbox 1434 350 1622 403; x_wconf 84' lang='lat' dir='ltr'><strong>multa.</strong></span> <span class='ocrx_word' id='word_1_24' title='bbox 1891 363 1969 404; x_wconf 83' lang='grc'><strong>750</strong></span> 
     </span>
     <span class='ocr_line' id='line_1_5' title="bbox 326 425 1757 497; baseline -0.003 -13"><span class='ocrx_word' id='word_1_25' title='bbox 326 430 467 485; x_wconf 82' lang='lat' dir='ltr'><strong>Solis</strong></span> <span class='ocrx_word' id='word_1_26' title='bbox 500 430 635 483; x_wconf 88' lang='lat' dir='ltr'><strong>item</strong></span> <span class='ocrx_word' id='word_1_27' title='bbox 673 443 887 497; x_wconf 88' lang='lat' dir='ltr'><strong>quoque</strong></span> <span class='ocrx_word' id='word_1_28' title='bbox 923 426 1175 480; x_wconf 85' lang='lat' dir='ltr'><strong>defectus</strong></span> <span class='ocrx_word' id='word_1_29' title='bbox 1210 426 1482 493; x_wconf 88' lang='lat' dir='ltr'><strong>lunaeque</strong></span> <span class='ocrx_word' id='word_1_30' title='bbox 1518 425 1757 480; x_wconf 87' lang='lat' dir='ltr'><strong>latebras</strong></span> 
     </span>
    </p>

    <p class='ocr_par' dir='ltr' id='par_1_5' title="bbox 255 502 1678 576">
     <span class='ocr_line' id='line_1_6' title="bbox 255 502 1678 576; baseline -0.003 -15"><span class='ocrx_word' id='word_1_31' title='bbox 255 507 502 576; x_wconf 88' lang='lat' dir='ltr'><strong>pluribus</strong></span> <span class='ocrx_word' id='word_1_32' title='bbox 537 523 569 560; x_wconf 93' lang='lat' dir='ltr'><strong>e</strong></span> <span class='ocrx_word' id='word_1_33' title='bbox 605 504 780 559; x_wconf 86' lang='lat' dir='ltr'><strong>causis</strong></span> <span class='ocrx_word' id='word_1_34' title='bbox 815 503 936 556; x_wconf 89' lang='lat' dir='ltr'><strong>fieri</strong></span> <span class='ocrx_word' id='word_1_35' title='bbox 971 502 1074 556; x_wconf 87' lang='lat' dir='ltr'><strong>tibi</strong></span> <span class='ocrx_word' id='word_1_36' title='bbox 1109 517 1270 569; x_wconf 89' lang='lat' dir='ltr'><strong>posse</strong></span> <span class='ocrx_word' id='word_1_37' title='bbox 1304 503 1678 570; x_wconf 76' lang='lat' dir='ltr'><strong>putandumst.</strong></span> 
     </span>
    </p>

    <p class='ocr_par' dir='ltr' id='par_1_6' title="bbox 256 578 1606 648">
     <span class='ocr_line' id='line_1_7' title="bbox 256 578 1606 648; baseline -0.004 -11"><span class='ocrx_word' id='word_1_38' title='bbox 256 600 384 637; x_wconf 86' lang='lat' dir='ltr'><strong>nam</strong></span> <span class='ocrx_word' id='word_1_39' title='bbox 419 599 518 637; x_wconf 90' lang='lat' dir='ltr'><strong>cur</strong></span> <span class='ocrx_word' id='word_1_40' title='bbox 550 581 679 634; x_wconf 86' lang='lat' dir='ltr'><strong>luna</strong></span> <span class='ocrx_word' id='word_1_41' title='bbox 714 582 880 648; x_wconf 80' lang='lat' dir='ltr'><strong>queat</strong></span> <span class='ocrx_word' id='word_1_42' title='bbox 915 582 1121 632; x_wconf 86' lang='lat' dir='ltr'><strong>terram</strong></span> <span class='ocrx_word' id='word_1_43' title='bbox 1160 578 1441 632; x_wconf 76' lang='lat' dir='ltr'>secludere</span> <span class='ocrx_word' id='word_1_44' title='bbox 1479 579 1606 632; x_wconf 83' lang='lat' dir='ltr'><strong>solis</strong></span> 
     </span>
    </p>

    <p class='ocr_par' dir='ltr' id='par_1_7' title="bbox 253 653 1649 722">
     <span class='ocr_line' id='line_1_8' title="bbox 253 653 1649 722; baseline -0.003 -10"><span class='ocrx_word' id='word_1_45' title='bbox 253 659 458 712; x_wconf 89' lang='lat' dir='ltr'><strong>lumine</strong></span> <span class='ocrx_word' id='word_1_46' title='bbox 492 661 550 711; x_wconf 90' lang='lat' dir='ltr'><strong>et</strong></span> <span class='ocrx_word' id='word_1_47' title='bbox 585 674 619 709; x_wconf 86' lang='lat' dir='ltr'><strong>a</strong></span> <span class='ocrx_word' id='word_1_48' title='bbox 653 655 818 709; x_wconf 89' lang='lat' dir='ltr'><strong>terris</strong></span> <span class='ocrx_word' id='word_1_49' title='bbox 851 654 1023 708; x_wconf 89' lang='lat' dir='ltr'><strong>altum</strong></span> <span class='ocrx_word' id='word_1_50' title='bbox 1059 658 1223 722; x_wconf 88' lang='lat' dir='ltr'><strong>caput</strong></span> <span class='ocrx_word' id='word_1_51' title='bbox 1260 653 1548 709; x_wconf 89' lang='lat' dir='ltr'><strong>obstruere</strong></span> <span class='ocrx_word' id='word_1_52' title='bbox 1582 655 1649 722; x_wconf 89' lang='lat' dir='ltr'><strong>ei,</strong></span> 
     </span>
    </p>

    <p class='ocr_par' dir='ltr' id='par_1_8' title="bbox 257 730 1965 795">
     <span class='ocr_line' id='line_1_9' title="bbox 257 730 1965 795; baseline -0.003 -7"><span class='ocrx_word' id='word_1_53' title='bbox 257 735 498 788; x_wconf 90' lang='lat' dir='ltr'><strong>obiciens</strong></span> <span class='ocrx_word' id='word_1_54' title='bbox 534 749 756 787; x_wconf 87' lang='lat' dir='ltr'><strong>caecum</strong></span> <span class='ocrx_word' id='word_1_55' title='bbox 790 730 960 784; x_wconf 86' lang='lat' dir='ltr'><strong>radiis</strong></span> <span class='ocrx_word' id='word_1_56' title='bbox 996 731 1320 785; x_wconf 78' lang='lat' dir='ltr'><strong>ardentibus</strong></span> <span class='ocrx_word' id='word_1_57' title='bbox 1355 732 1576 795; x_wconf 81' lang='lat' dir='ltr'><strong>orbem3</strong></span> <span class='ocrx_word' id='word_1_58' title='bbox 1890 743 1965 784; x_wconf 80' lang='grc'><strong>755</strong></span> 
     </span>
    </p>

    <p class='ocr_par' dir='ltr' id='par_1_9' title="bbox 256 807 1809 878">
     <span class='ocr_line' id='line_1_10' title="bbox 256 807 1809 878; baseline -0.003 -15"><span class='ocrx_word' id='word_1_59' title='bbox 256 814 505 878; x_wconf 85' lang='lat' dir='ltr'><strong>tempore</strong></span> <span class='ocrx_word' id='word_1_60' title='bbox 542 807 736 862; x_wconf 87' lang='lat' dir='ltr'><strong>eodem</strong></span> <span class='ocrx_word' id='word_1_61' title='bbox 771 807 907 861; x_wconf 89' lang='lat' dir='ltr'><strong>aliut</strong></span> <span class='ocrx_word' id='word_1_62' title='bbox 941 807 1122 861; x_wconf 89' lang='lat' dir='ltr'><strong>facere</strong></span> <span class='ocrx_word' id='word_1_63' title='bbox 1145 808 1206 861; x_wconf 93' lang='lat' dir='ltr'><strong>id</strong></span> <span class='ocrx_word' id='word_1_64' title='bbox 1239 825 1348 861; x_wconf 91' lang='grc'>11011</span> <span class='ocrx_word' id='word_1_65' title='bbox 1383 824 1544 877; x_wconf 89' lang='lat' dir='ltr'><strong>posse</strong></span> <span class='ocrx_word' id='word_1_66' title='bbox 1579 810 1809 876; x_wconf 87' lang='lat' dir='ltr'><strong>putetur</strong></span> 
     </span>
    </p>

    <p class='ocr_par' dir='ltr' id='par_1_10' title="bbox 256 883 1667 954">
     <span class='ocr_line' id='line_1_11' title="bbox 256 883 1667 954; baseline -0.001 -15"><span class='ocrx_word' id='word_1_67' title='bbox 256 902 451 954; x_wconf 88' lang='lat' dir='ltr'><strong>corpus</strong></span> <span class='ocrx_word' id='word_1_68' title='bbox 487 885 636 954; x_wconf 88' lang='lat' dir='ltr'><strong>quod</strong></span> <span class='ocrx_word' id='word_1_69' title='bbox 670 901 880 938; x_wconf 75' lang='lat' dir='ltr'><strong>cassum</strong></span> <span class='ocrx_word' id='word_1_70' title='bbox 915 883 1135 938; x_wconf 81' lang='lat' dir='ltr'><strong>labatur</strong></span> <span class='ocrx_word' id='word_1_71' title='bbox 1170 883 1373 937; x_wconf 88' lang='lat' dir='ltr'><strong>lumine</strong></span> <span class='ocrx_word' id='word_1_72' title='bbox 1408 900 1622 952; x_wconf 83' lang='lat' dir='ltr'><strong>semper</strong></span> <span class='ocrx_word' id='word_1_73' title='bbox 1636 885 1667 937; x_wconf 73' lang='lat'><strong>2·</strong></span> 
     </span>
    </p>

    <p class='ocr_par' dir='ltr' id='par_1_11' title="bbox 258 958 1633 1030">
     <span class='ocr_line' id='line_1_12' title="bbox 258 958 1633 1030; baseline -0.002 -15"><span class='ocrx_word' id='word_1_74' title='bbox 258 962 445 1030; x_wconf 88' lang='lat' dir='ltr'><strong>solque</strong></span> <span class='ocrx_word' id='word_1_75' title='bbox 481 979 607 1016; x_wconf 89' lang='lat' dir='ltr'><strong>suos</strong></span> <span class='ocrx_word' id='word_1_76' title='bbox 644 961 810 1015; x_wconf 84' lang='lat' dir='ltr'><strong>etiam</strong></span> <span class='ocrx_word' id='word_1_77' title='bbox 846 960 1127 1014; x_wconf 75' lang='lat' dir='ltr'><strong>dimittere</strong></span> <span class='ocrx_word' id='word_1_78' title='bbox 1163 960 1456 1029; x_wconf 83' lang='lat' dir='ltr'><strong>languidus</strong></span> <span class='ocrx_word' id='word_1_79' title='bbox 1492 958 1633 1028; x_wconf 86' lang='lat' dir='ltr'><strong>ignis</strong></span> 
     </span>
    </p>

    <p class='ocr_par' dir='ltr' id='par_1_12' title="bbox 259 1035 1730 1106">
     <span class='ocr_line' id='line_1_13' title="bbox 259 1035 1730 1106; baseline -0.003 -13"><span class='ocrx_word' id='word_1_80' title='bbox 259 1043 506 1106; x_wconf 89' lang='lat' dir='ltr'><strong>tempore</strong></span> <span class='ocrx_word' id='word_1_81' title='bbox 542 1054 640 1092; x_wconf 86' lang='lat' dir='ltr'><strong>eur</strong></span> <span class='ocrx_word' id='word_1_82' title='bbox 673 1041 824 1092; x_wconf 88' lang='lat' dir='ltr'><strong>certo</strong></span> <span class='ocrx_word' id='word_1_83' title='bbox 858 1043 1099 1105; x_wconf 80' lang='lat' dir='ltr'><strong>nequeat</strong></span> <span class='ocrx_word' id='word_1_84' title='bbox 1132 1053 1494 1105; x_wconf 83' lang='lat' dir='ltr'><strong>recreareque</strong></span> <span class='ocrx_word' id='word_1_85' title='bbox 1529 1035 1730 1104; x_wconf 90' lang='lat' dir='ltr'><strong>lumen,</strong></span> 
     </span>
    </p>

    <p class='ocr_par' dir='ltr' id='par_1_13' title="bbox 258 1113 1970 1183">
     <span class='ocr_line' id='line_1_14' title="bbox 258 1113 1970 1183; baseline -0.002 -14"><span class='ocrx_word' id='word_1_86' title='bbox 258 1132 380 1169; x_wconf 91' lang='lat' dir='ltr'><strong>cum</strong></span> <span class='ocrx_word' id='word_1_87' title='bbox 414 1115 534 1169; x_wconf 87' lang='lat' dir='ltr'><strong>loca</strong></span> <span class='ocrx_word' id='word_1_88' title='bbox 567 1113 857 1183; x_wconf 87' lang='lat' dir='ltr'><strong>praeteriit</strong></span> <span class='ocrx_word' id='word_1_89' title='bbox 892 1113 1124 1165; x_wconf 85' lang='lat' dir='ltr'><strong>fiammis</strong></span> <span class='ocrx_word' id='word_1_90' title='bbox 1158 1113 1360 1167; x_wconf 87' lang='lat' dir='ltr'><strong>infesta</strong></span> <span class='ocrx_word' id='word_1_91' title='bbox 1393 1129 1495 1182; x_wconf 90' lang='lat' dir='ltr'><strong>per</strong></span> <span class='ocrx_word' id='word_1_92' title='bbox 1529 1129 1704 1180; x_wconf 80' lang='lat' dir='ltr'><strong>auras,</strong></span> <span class='ocrx_word' id='word_1_93' title='bbox 1892 1124 1970 1167; x_wconf 81' lang='grc'>700</span> 
     </span>
    </p>

    <p class='ocr_par' dir='ltr' id='par_1_14' title="bbox 257 1189 1660 1260">
     <span class='ocr_line' id='line_1_15' title="bbox 257 1189 1660 1260; baseline -0.001 -15"><span class='ocrx_word' id='word_1_94' title='bbox 257 1208 398 1260; x_wconf 84' lang='lat' dir='ltr'><strong>quae</strong></span> <span class='ocrx_word' id='word_1_95' title='bbox 432 1192 639 1245; x_wconf 89' lang='lat' dir='ltr'><strong>faciunt</strong></span> <span class='ocrx_word' id='word_1_96' title='bbox 674 1189 817 1259; x_wconf 86' lang='lat' dir='ltr'><strong>ignis</strong></span> <span class='ocrx_word' id='word_1_97' title='bbox 852 1189 1201 1257; x_wconf 83' lang='lat' dir='ltr'><strong>interstingui</strong></span> <span class='ocrx_word' id='word_1_98' title='bbox 1235 1193 1404 1258; x_wconf 85' lang='lat' dir='ltr'><strong>atque</strong></span> <span class='ocrx_word' id='word_1_99' title='bbox 1437 1189 1660 1259; x_wconf 74' lang='lat' dir='ltr'><strong>perire?</strong></span> 
     </span>
    </p>

    <p class='ocr_par' dir='ltr' id='par_1_15' title="bbox 260 1264 1598 1335">
     <span class='ocr_line' id='line_1_16' title="bbox 260 1264 1598 1335; baseline -0.002 -14"><span class='ocrx_word' id='word_1_100' title='bbox 260 1271 319 1321; x_wconf 91' lang='lat' dir='ltr'><strong>et</strong></span> <span class='ocrx_word' id='word_1_101' title='bbox 354 1285 452 1322; x_wconf 90' lang='lat' dir='ltr'><strong>cur</strong></span> <span class='ocrx_word' id='word_1_102' title='bbox 486 1271 636 1321; x_wconf 85' lang='lat' dir='ltr'><strong>terra</strong></span> <span class='ocrx_word' id='word_1_103' title='bbox 672 1269 839 1335; x_wconf 80' lang='lat' dir='ltr'><strong>queat</strong></span> <span class='ocrx_word' id='word_1_104' title='bbox 873 1266 1058 1319; x_wconf 86' lang='lat' dir='ltr'><strong>lunam</strong></span> <span class='ocrx_word' id='word_1_105' title='bbox 1093 1265 1327 1334; x_wconf 81' lang='lat' dir='ltr'><strong>spoliare</strong></span> <span class='ocrx_word' id='word_1_106' title='bbox 1361 1264 1598 1319; x_wconf 79' lang='lat' dir='ltr'><strong>vicissim</strong></span> 
     </span>
    </p>

    <p class='ocr_par' dir='ltr' id='par_1_16' title="bbox 257 1342 1707 1413">
     <span class='ocr_line' id='line_1_17' title="bbox 257 1342 1707 1413; baseline -0.002 -16"><span class='ocrx_word' id='word_1_107' title='bbox 257 1345 459 1398; x_wconf 88' lang='lat' dir='ltr'><strong>lumine</strong></span> <span class='ocrx_word' id='word_1_108' title='bbox 494 1348 553 1398; x_wconf 92' lang='lat' dir='ltr'><strong>et</strong></span> <span class='ocrx_word' id='word_1_109' title='bbox 587 1360 906 1413; x_wconf 88' lang='lat' dir='ltr'><strong>oppressum</strong></span> <span class='ocrx_word' id='word_1_110' title='bbox 943 1342 1112 1396; x_wconf 87' lang='lat' dir='ltr'><strong>solem</strong></span> <span class='ocrx_word' id='word_1_111' title='bbox 1148 1359 1314 1411; x_wconf 90' lang='lat' dir='ltr'><strong>super</strong></span> <span class='ocrx_word' id='word_1_112' title='bbox 1346 1342 1466 1410; x_wconf 79' lang='lat' dir='ltr'><strong>ipsa</strong></span> <span class='ocrx_word' id='word_1_113' title='bbox 1499 1345 1707 1407; x_wconf 90' lang='lat' dir='ltr'><strong>tenere,</strong></span> 
     </span>
    </p>

    <p class='ocr_par' dir='ltr' id='par_1_17' title="bbox 264 1417 1732 1487">
     <span class='ocr_line' id='line_1_18' title="bbox 264 1417 1732 1487; baseline -0.001 -15"><span class='ocrx_word' id='word_1_114' title='bbox 264 1424 542 1474; x_wconf 87' lang='lat' dir='ltr'><strong>menstrua</strong></span> <span class='ocrx_word' id='word_1_115' title='bbox 578 1420 708 1473; x_wconf 88' lang='lat' dir='ltr'><strong>dum</strong></span> <span class='ocrx_word' id='word_1_116' title='bbox 744 1419 948 1487; x_wconf 85' lang='lat' dir='ltr'><strong>rigidas</strong></span> <span class='ocrx_word' id='word_1_117' title='bbox 982 1419 1103 1471; x_wconf 92' lang='lat' dir='ltr'><strong>coni</strong></span> <span class='ocrx_word' id='word_1_118' title='bbox 1141 1417 1447 1487; x_wconf 81' lang='lat' dir='ltr'><strong>perlabitur</strong></span> <span class='ocrx_word' id='word_1_119' title='bbox 1480 1418 1732 1483; x_wconf 88' lang='lat' dir='ltr'><strong>umbras;</strong></span> 
     </span>
    </p>

    <p class='ocr_par' dir='ltr' id='par_1_18' title="bbox 262 1494 1968 1565">
     <span class='ocr_line' id='line_1_19' title="bbox 262 1494 1968 1565; baseline -0.001 -16"><span class='ocrx_word' id='word_1_120' title='bbox 262 1501 511 1565; x_wconf 89' lang='lat' dir='ltr'><strong>tempore</strong></span> <span class='ocrx_word' id='word_1_121' title='bbox 547 1496 741 1549; x_wconf 89' lang='lat' dir='ltr'><strong>eodem</strong></span> <span class='ocrx_word' id='word_1_122' title='bbox 776 1495 914 1548; x_wconf 89' lang='lat' dir='ltr'><strong>aliut</strong></span> <span class='ocrx_word' id='word_1_123' title='bbox 949 1497 1189 1563; x_wconf 84' lang='lat' dir='ltr'><strong>nequeat</strong></span> <span class='ocrx_word' id='word_1_124' title='bbox 1225 1511 1543 1547; x_wconf 86' lang='lat' dir='ltr'><strong>succurrere</strong></span> <span class='ocrx_word' id='word_1_125' title='bbox 1578 1494 1739 1547; x_wconf 88' lang='lat' dir='ltr'><strong>lunae</strong></span> <span class='ocrx_word' id='word_1_126' title='bbox 1893 1508 1968 1548; x_wconf 73' lang='grc'><strong>705</strong></span> 
     </span>
    </p>

    <p class='ocr_par' dir='ltr' id='par_1_19' title="bbox 264 1569 1494 1641">
     <span class='ocr_line' id='line_1_20' title="bbox 264 1569 1494 1641; baseline -0.002 -16"><span class='ocrx_word' id='word_1_127' title='bbox 264 1589 461 1641; x_wconf 89' lang='lat' dir='ltr'><strong>corpus</strong></span> <span class='ocrx_word' id='word_1_128' title='bbox 497 1571 584 1625; x_wconf 82' lang='lat' dir='ltr'><strong>vel</strong></span> <span class='ocrx_word' id='word_1_129' title='bbox 622 1588 786 1640; x_wconf 87' lang='lat' dir='ltr'><strong>supra</strong></span> <span class='ocrx_word' id='word_1_130' title='bbox 823 1571 950 1624; x_wconf 88' lang='lat' dir='ltr'><strong>solis</strong></span> <span class='ocrx_word' id='word_1_131' title='bbox 985 1571 1256 1637; x_wconf 84' lang='lat' dir='ltr'><strong>perlabier</strong></span> <span class='ocrx_word' id='word_1_132' title='bbox 1291 1569 1494 1637; x_wconf 90' lang='lat' dir='ltr'><strong>orbem,</strong></span> 
     </span>
    </p>

    <p class='ocr_par' dir='ltr' id='par_1_20' title="bbox 264 1646 1715 1716">
     <span class='ocr_line' id='line_1_21' title="bbox 264 1646 1715 1716; baseline 0 -15"><span class='ocrx_word' id='word_1_133' title='bbox 264 1648 412 1716; x_wconf 85' lang='lat' dir='ltr'><strong>quod</strong></span> <span class='ocrx_word' id='word_1_134' title='bbox 448 1647 630 1701; x_wconf 87' lang='lat' dir='ltr'><strong>radios</strong></span> <span class='ocrx_word' id='word_1_135' title='bbox 665 1647 1032 1715; x_wconf 85' lang='lat' dir='ltr'><strong>interrumpat</strong></span> <span class='ocrx_word' id='word_1_136' title='bbox 1066 1647 1359 1715; x_wconf 85' lang='lat' dir='ltr'><strong>lumenque</strong></span> <span class='ocrx_word' id='word_1_137' title='bbox 1396 1646 1715 1716; x_wconf 68' lang='lat' dir='ltr'><strong>profusum?</strong></span> 
     </span>
    </p>

    <p class='ocr_par' dir='ltr' id='par_1_21' title="bbox 263 1723 1516 1793">
     <span class='ocr_line' id='line_1_22' title="bbox 263 1723 1516 1793; baseline -0.002 -14"><span class='ocrx_word' id='word_1_138' title='bbox 263 1729 321 1779; x_wconf 90' lang='lat' dir='ltr'><strong>et</strong></span> <span class='ocrx_word' id='word_1_139' title='bbox 356 1728 541 1778; x_wconf 87' lang='lat' dir='ltr'><strong>tamen</strong></span> <span class='ocrx_word' id='word_1_140' title='bbox 580 1723 697 1793; x_wconf 83' lang='lat' dir='ltr'><strong>ipsa</strong></span> <span class='ocrx_word' id='word_1_141' title='bbox 733 1740 830 1777; x_wconf 89' lang='lat' dir='ltr'><strong>suo</strong></span> <span class='ocrx_word' id='word_1_142' title='bbox 867 1724 913 1776; x_wconf 90' lang='lat' dir='ltr'><strong>si</strong></span> <span class='ocrx_word' id='word_1_143' title='bbox 948 1723 1123 1791; x_wconf 88' lang='lat' dir='ltr'><strong>fulget</strong></span> <span class='ocrx_word' id='word_1_144' title='bbox 1159 1723 1288 1776; x_wconf 86' lang='lat' dir='ltr'><strong>luna</strong></span> <span class='ocrx_word' id='word_1_145' title='bbox 1323 1723 1516 1791; x_wconf 88' lang='lat' dir='ltr'><strong>nitore,</strong></span> 
     </span>
    </p>

    <p class='ocr_par' dir='ltr' id='par_1_22' title="bbox 262 1799 1636 1869">
     <span class='ocr_line' id='line_1_23' title="bbox 262 1799 1636 1869; baseline -0.001 -14"><span class='ocrx_word' id='word_1_146' title='bbox 262 1818 360 1855; x_wconf 88' lang='lat' dir='ltr'><strong>cur</strong></span> <span class='ocrx_word' id='word_1_147' title='bbox 393 1804 631 1869; x_wconf 88' lang='lat' dir='ltr'><strong>nequeat</strong></span> <span class='ocrx_word' id='word_1_148' title='bbox 664 1804 816 1854; x_wconf 87' lang='lat' dir='ltr'><strong>certa</strong></span> <span class='ocrx_word' id='word_1_149' title='bbox 849 1800 1038 1854; x_wconf 85' lang='lat' dir='ltr'><strong>mundi</strong></span> <span class='ocrx_word' id='word_1_150' title='bbox 1073 1799 1426 1867; x_wconf 84' lang='lat' dir='ltr'><strong>languescere</strong></span> <span class='ocrx_word' id='word_1_151' title='bbox 1461 1802 1636 1869; x_wconf 86' lang='lat' dir='ltr'><strong>parte,</strong></span> 
     </span>
    </p>

    <p class='ocr_par' dir='ltr' id='par_1_23' title="bbox 263 1876 1968 2022">
     <span class='ocr_line' id='line_1_24' title="bbox 263 1876 1968 1946; baseline 0.001 -16"><span class='ocrx_word' id='word_1_152' title='bbox 263 1878 395 1931; x_wconf 86' lang='lat' dir='ltr'><strong>dum</strong></span> <span class='ocrx_word' id='word_1_153' title='bbox 431 1878 550 1931; x_wconf 85' lang='lat' dir='ltr'><strong>loca</strong></span> <span class='ocrx_word' id='word_1_154' title='bbox 583 1877 879 1930; x_wconf 87' lang='lat' dir='ltr'><strong>luminibus</strong></span> <span class='ocrx_word' id='word_1_155' title='bbox 914 1876 1150 1946; x_wconf 90' lang='lat' dir='ltr'><strong>propriis</strong></span> <span class='ocrx_word' id='word_1_156' title='bbox 1186 1876 1406 1929; x_wconf 87' lang='lat' dir='ltr'><strong>inimica</strong></span> <span class='ocrx_word' id='word_1_157' title='bbox 1439 1892 1541 1944; x_wconf 88' lang='lat' dir='ltr'><strong>per</strong></span> <span class='ocrx_word' id='word_1_158' title='bbox 1575 1876 1724 1931; x_wconf 64' lang='lat' dir='ltr'><strong>exit?</strong></span> <span class='ocrx_word' id='word_1_159' title='bbox 1893 1888 1968 1931; x_wconf 76' lang='grc'><strong>770</strong></span> 
     </span>
     <span class='ocr_line' id='line_1_25' title="bbox 335 1949 1914 2022; baseline -0.002 -14"><span class='ocrx_word' id='word_1_160' title='bbox 335 1954 494 2019; x_wconf 84' lang='lat' dir='ltr'><strong>Quod</strong></span> <span class='ocrx_word' id='word_1_161' title='bbox 531 1957 796 2022; x_wconf 85' lang='lat' dir='ltr'><strong>superest,</strong></span> <span class='ocrx_word' id='word_1_162' title='bbox 834 1949 1086 2022; x_wconf 85' lang='lat' dir='ltr'><strong>quoniam</strong></span> <span class='ocrx_word' id='word_1_163' title='bbox 1121 1952 1305 2021; x_wconf 83' lang='lat' dir='ltr'><strong>magni</strong></span> <span class='ocrx_word' id='word_1_164' title='bbox 1339 1969 1439 2020; x_wconf 88' lang='lat' dir='ltr'><strong>per</strong></span> <span class='ocrx_word' id='word_1_165' title='bbox 1473 1953 1690 2007; x_wconf 86' lang='lat' dir='ltr'><strong>caerula</strong></span> <span class='ocrx_word' id='word_1_166' title='bbox 1723 1952 1914 2006; x_wconf 88' lang='lat' dir='ltr'><strong>mundi</strong></span> 
     </span>
    </p>

    <p class='ocr_par' dir='ltr' id='par_1_24' title="bbox 265 2028 1546 2101">
     <span class='ocr_line' id='line_1_26' title="bbox 265 2028 1546 2101; baseline -0.002 -17"><span class='ocrx_word' id='word_1_167' title='bbox 265 2048 377 2101; x_wconf 89' lang='lat' dir='ltr'><strong>qua</strong></span> <span class='ocrx_word' id='word_1_168' title='bbox 410 2030 531 2085; x_wconf 87' lang='lat' dir='ltr'><strong>fieri</strong></span> <span class='ocrx_word' id='word_1_169' title='bbox 568 2029 830 2098; x_wconf 88' lang='lat' dir='ltr'><strong>quiequid</strong></span> <span class='ocrx_word' id='word_1_170' title='bbox 865 2034 1050 2100; x_wconf 88' lang='lat' dir='ltr'><strong>posset</strong></span> <span class='ocrx_word' id='word_1_171' title='bbox 1083 2028 1297 2082; x_wconf 84' lang='lat' dir='ltr'><strong>ratione</strong></span> <span class='ocrx_word' id='word_1_172' title='bbox 1332 2029 1546 2098; x_wconf 84' lang='lat' dir='ltr'><strong>resolvi,</strong></span> 
     </span>
    </p>

    <p class='ocr_par' dir='ltr' id='par_1_25' title="bbox 264 2106 1505 2174">
     <span class='ocr_line' id='line_1_27' title="bbox 264 2106 1505 2174; baseline -0.002 -13"><span class='ocrx_word' id='word_1_173' title='bbox 264 2108 391 2161; x_wconf 90' lang='lat' dir='ltr'><strong>solis</strong></span> <span class='ocrx_word' id='word_1_174' title='bbox 424 2108 509 2161; x_wconf 92' lang='lat' dir='ltr'><strong>uti</strong></span> <span class='ocrx_word' id='word_1_175' title='bbox 547 2107 725 2160; x_wconf 86' lang='lat' dir='ltr'><strong>varios</strong></span> <span class='ocrx_word' id='word_1_176' title='bbox 761 2123 952 2160; x_wconf 88' lang='lat' dir='ltr'><strong>cursus</strong></span> <span class='ocrx_word' id='word_1_177' title='bbox 986 2106 1255 2174; x_wconf 89' lang='lat' dir='ltr'><strong>lunaeque</strong></span> <span class='ocrx_word' id='word_1_178' title='bbox 1290 2109 1505 2158; x_wconf 85' lang='lat' dir='ltr'><strong>meatus</strong></span> 
     </span>
    </p>

    <p class='ocr_par' dir='ltr' id='par_1_26' title="bbox 264 2182 1969 2252">
     <span class='ocr_line' id='line_1_28' title="bbox 264 2182 1969 2252; baseline -0.001 -15"><span class='ocrx_word' id='word_1_179' title='bbox 264 2200 490 2237; x_wconf 89' lang='lat' dir='ltr'><strong>noscere</strong></span> <span class='ocrx_word' id='word_1_180' title='bbox 524 2198 806 2250; x_wconf 84' lang='lat' dir='ltr'><strong>possemus</strong></span> <span class='ocrx_word' id='word_1_181' title='bbox 842 2199 983 2252; x_wconf 87' lang='lat' dir='ltr'><strong>quae</strong></span> <span class='ocrx_word' id='word_1_182' title='bbox 1017 2182 1099 2234; x_wconf 87' lang='lat' dir='ltr'><strong>vis</strong></span> <span class='ocrx_word' id='word_1_183' title='bbox 1136 2187 1195 2235; x_wconf 90' lang='lat' dir='ltr'><strong>et</strong></span> <span class='ocrx_word' id='word_1_184' title='bbox 1229 2197 1394 2235; x_wconf 87' lang='lat' dir='ltr'><strong>eausa</strong></span> <span class='ocrx_word' id='word_1_185' title='bbox 1430 2182 1619 2250; x_wconf 90' lang='lat' dir='ltr'><strong>cieret,</strong></span> <span class='ocrx_word' id='word_1_186' title='bbox 1894 2195 1969 2238; x_wconf 81' lang='lat'><strong>775</strong></span> 
     </span>
    </p>

    <p class='ocr_par' dir='ltr' id='par_1_27' title="bbox 265 2257 1555 2329">
     <span class='ocr_line' id='line_1_29' title="bbox 265 2257 1555 2329; baseline -0.001 -16"><span class='ocrx_word' id='word_1_187' title='bbox 265 2277 444 2329; x_wconf 83' lang='lat' dir='ltr'><strong>quove</strong></span> <span class='ocrx_word' id='word_1_188' title='bbox 478 2259 642 2312; x_wconf 90' lang='lat' dir='ltr'><strong>modo</strong></span> <span class='ocrx_word' id='word_1_189' title='bbox 670 2266 898 2326; x_wconf 76' lang='lat' dir='ltr'><strong>possent</strong></span> <span class='ocrx_word' id='word_1_190' title='bbox 931 2259 1126 2312; x_wconf 85' lang='lat' dir='ltr'><strong>offecto</strong></span> <span class='ocrx_word' id='word_1_191' title='bbox 1163 2258 1366 2312; x_wconf 89' lang='lat' dir='ltr'><strong>lumine</strong></span> <span class='ocrx_word' id='word_1_192' title='bbox 1402 2257 1555 2312; x_wconf 89' lang='lat' dir='ltr'><strong>obire</strong></span> 
     </span>
    </p>

    <p class='ocr_par' dir='ltr' id='par_1_28' title="bbox 266 2334 1665 2405">
     <span class='ocr_line' id='line_1_30' title="bbox 266 2334 1665 2405; baseline -0.002 -14"><span class='ocrx_word' id='word_1_193' title='bbox 266 2340 326 2391; x_wconf 91' lang='lat' dir='ltr'><strong>et</strong></span> <span class='ocrx_word' id='word_1_194' title='bbox 360 2352 539 2404; x_wconf 90' lang='lat' dir='ltr'><strong>neque</strong></span> <span class='ocrx_word' id='word_1_195' title='bbox 574 2335 846 2405; x_wconf 84' lang='lat' dir='ltr'><strong>opinantis</strong></span> <span class='ocrx_word' id='word_1_196' title='bbox 882 2334 1126 2388; x_wconf 89' lang='lat' dir='ltr'><strong>tenebris</strong></span> <span class='ocrx_word' id='word_1_197' title='bbox 1163 2335 1438 2388; x_wconf 88' lang='lat' dir='ltr'><strong>obducere</strong></span> <span class='ocrx_word' id='word_1_198' title='bbox 1471 2339 1665 2403; x_wconf 86' lang='lat' dir='ltr'><strong>terras,</strong></span> 
     </span>
    </p>

    <p class='ocr_par' dir='ltr' id='par_1_29' title="bbox 266 2410 1682 2481">
     <span class='ocr_line' id='line_1_31' title="bbox 266 2410 1682 2481; baseline -0.001 -14"><span class='ocrx_word' id='word_1_199' title='bbox 266 2430 390 2467; x_wconf 90' lang='lat' dir='ltr'><strong>cum</strong></span> <span class='ocrx_word' id='word_1_200' title='bbox 427 2411 582 2481; x_wconf 86' lang='lat' dir='ltr'><strong>quasi</strong></span> <span class='ocrx_word' id='word_1_201' title='bbox 618 2410 871 2465; x_wconf 87' lang='lat' dir='ltr'><strong>conivent</strong></span> <span class='ocrx_word' id='word_1_202' title='bbox 906 2414 965 2465; x_wconf 90' lang='lat' dir='ltr'><strong>et</strong></span> <span class='ocrx_word' id='word_1_203' title='bbox 998 2415 1192 2480; x_wconf 83' lang='lat' dir='ltr'><strong>aperto</strong></span> <span class='ocrx_word' id='word_1_204' title='bbox 1227 2411 1433 2465; x_wconf 88' lang='lat' dir='ltr'><strong>lumine</strong></span> <span class='ocrx_word' id='word_1_205' title='bbox 1466 2427 1682 2465; x_wconf 88' lang='lat' dir='ltr'><strong>rursum</strong></span> 
     </span>
    </p>

    <p class='ocr_par' dir='ltr' id='par_1_30' title="bbox 266 2486 1541 2554">
     <span class='ocr_line' id='line_1_32' title="bbox 266 2486 1541 2554; baseline -0.002 -11"><span class='ocrx_word' id='word_1_206' title='bbox 266 2488 448 2543; x_wconf 86' lang='lat' dir='ltr'><strong>omnia</strong></span> <span class='ocrx_word' id='word_1_207' title='bbox 482 2487 767 2541; x_wconf 86' lang='lat' dir='ltr'><strong>convisunt</strong></span> <span class='ocrx_word' id='word_1_208' title='bbox 802 2486 951 2540; x_wconf 85' lang='lat' dir='ltr'><strong>clara</strong></span> <span class='ocrx_word' id='word_1_209' title='bbox 982 2487 1102 2540; x_wconf 87' lang='lat' dir='ltr'><strong>loca</strong></span> <span class='ocrx_word' id='word_1_210' title='bbox 1136 2487 1371 2541; x_wconf 87' lang='lat' dir='ltr'><strong>candida</strong></span> <span class='ocrx_word' id='word_1_211' title='bbox 1405 2486 1541 2554; x_wconf 90' lang='lat' dir='ltr'><strong>lucc,</strong></span> 
     </span>
    </p>

    <p class='ocr_par' dir='ltr' id='par_1_31' title="bbox 267 2563 1970 2621">
     <span class='ocr_line' id='line_1_33' title="bbox 267 2563 1970 2621; baseline 0.001 -1"><span class='ocrx_word' id='word_1_212' title='bbox 267 2583 411 2620; x_wconf 89' lang='lat' dir='ltr'><strong>nunc</strong></span> <span class='ocrx_word' id='word_1_213' title='bbox 444 2565 612 2619; x_wconf 88' lang='lat' dir='ltr'><strong>redeo</strong></span> <span class='ocrx_word' id='word_1_214' title='bbox 646 2564 719 2617; x_wconf 86' lang='lat' dir='ltr'><strong>ad</strong></span> <span class='ocrx_word' id='word_1_215' title='bbox 752 2563 943 2617; x_wconf 89' lang='lat' dir='ltr'><strong>mundi</strong></span> <span class='ocrx_word' id='word_1_216' title='bbox 976 2564 1280 2618; x_wconf 87' lang='lat' dir='ltr'><strong>novitatem</strong></span> <span class='ocrx_word' id='word_1_217' title='bbox 1315 2567 1375 2618; x_wconf 90' lang='lat' dir='ltr'><strong>et</strong></span> <span class='ocrx_word' id='word_1_218' title='bbox 1410 2564 1594 2617; x_wconf 87' lang='lat' dir='ltr'><strong>mollia</strong></span> <span class='ocrx_word' id='word_1_219' title='bbox 1627 2566 1812 2619; x_wconf 86' lang='lat' dir='ltr'><strong>terrae</strong></span> <span class='ocrx_word' id='word_1_220' title='bbox 1893 2578 1970 2621; x_wconf 80' lang='grc'><strong>780</strong></span> 
     </span>
    </p>

    <p class='ocr_par' dir='ltr' id='par_1_32' title="bbox 267 2640 1684 2710">
     <span class='ocr_line' id='line_1_34' title="bbox 267 2640 1684 2710; baseline -0.003 -13"><span class='ocrx_word' id='word_1_221' title='bbox 267 2659 413 2710; x_wconf 82' lang='lat' dir='ltr'><strong>arva,</strong></span> <span class='ocrx_word' id='word_1_222' title='bbox 447 2658 586 2696; x_wconf 82' lang='lat' dir='ltr'><strong>novo</strong></span> <span class='ocrx_word' id='word_1_223' title='bbox 619 2641 739 2695; x_wconf 90' lang='lat' dir='ltr'><strong>fetu</strong></span> <span class='ocrx_word' id='word_1_224' title='bbox 774 2641 910 2709; x_wconf 87' lang='lat' dir='ltr'><strong>quid</strong></span> <span class='ocrx_word' id='word_1_225' title='bbox 942 2640 1182 2709; x_wconf 88' lang='lat' dir='ltr'><strong>primum</strong></span> <span class='ocrx_word' id='word_1_226' title='bbox 1215 2640 1271 2693; x_wconf 89' lang='lat' dir='ltr'><strong>in</strong></span> <span class='ocrx_word' id='word_1_227' title='bbox 1305 2640 1525 2694; x_wconf 88' lang='lat' dir='ltr'><strong>luminis</strong></span> <span class='ocrx_word' id='word_1_228' title='bbox 1561 2657 1684 2694; x_wconf 85' lang='lat' dir='ltr'><strong>oras</strong></span> 
     </span>
    </p>

    <p class='ocr_par' dir='ltr' id='par_1_33' title="bbox 268 2716 1796 2862">
     <span class='ocr_line' id='line_1_35' title="bbox 268 2716 1665 2774; baseline -0.003 0"><span class='ocrx_word' id='word_1_229' title='bbox 268 2719 464 2774; x_wconf 87' lang='lat' dir='ltr'><strong>tollere</strong></span> <span class='ocrx_word' id='word_1_230' title='bbox 499 2722 560 2772; x_wconf 87' lang='lat' dir='ltr'><strong>et</strong></span> <span class='ocrx_word' id='word_1_231' title='bbox 593 2717 817 2771; x_wconf 83' lang='lat' dir='ltr'><strong>incertis</strong></span> <span class='ocrx_word' id='word_1_232' title='bbox 852 2718 1059 2771; x_wconf 88' lang='lat' dir='ltr'><strong>crerint</strong></span> <span class='ocrx_word' id='word_1_233' title='bbox 1095 2716 1439 2771; x_wconf 86' lang='lat' dir='ltr'><strong>committere</strong></span> <span class='ocrx_word' id='word_1_234' title='bbox 1473 2717 1665 2771; x_wconf 80' lang='lat' dir='ltr'><strong>ventis,</strong></span> 
     </span>
     <span class='ocr_line' id='line_1_36' title="bbox 342 2791 1796 2862; baseline 0 -16"><span class='ocrx_word' id='word_1_235' title='bbox 342 2794 616 2861; x_wconf 86' lang='lat' dir='ltr'><strong>Principio</strong></span> <span class='ocrx_word' id='word_1_236' title='bbox 651 2810 825 2862; x_wconf 85' lang='lat' dir='ltr'><strong>genus</strong></span> <span class='ocrx_word' id='word_1_237' title='bbox 859 2792 1153 2846; x_wconf 88' lang='lat' dir='ltr'><strong>herbarum</strong></span> <span class='ocrx_word' id='word_1_238' title='bbox 1186 2791 1527 2862; x_wconf 80' lang='lat' dir='ltr'><strong>viridemque</strong></span> <span class='ocrx_word' id='word_1_239' title='bbox 1561 2792 1796 2846; x_wconf 87' lang='lat' dir='ltr'><strong>nitorem</strong></span> 
     </span>
    </p>

    <p class='ocr_par' dir='ltr' id='par_1_34' title="bbox 268 2868 1761 2936">
     <span class='ocr_line' id='line_1_37' title="bbox 268 2868 1761 2936; baseline -0.001 -14"><span class='ocrx_word' id='word_1_240' title='bbox 268 2873 421 2922; x_wconf 88' lang='lat' dir='ltr'><strong>terra</strong></span> <span class='ocrx_word' id='word_1_241' title='bbox 455 2869 614 2921; x_wconf 89' lang='lat' dir='ltr'><strong>dedit</strong></span> <span class='ocrx_word' id='word_1_242' title='bbox 649 2871 851 2922; x_wconf 89' lang='lat' dir='ltr'><strong>circum</strong></span> <span class='ocrx_word' id='word_1_243' title='bbox 889 2868 1040 2922; x_wconf 89' lang='lat' dir='ltr'><strong>collis</strong></span> <span class='ocrx_word' id='word_1_244' title='bbox 1074 2884 1401 2935; x_wconf 85' lang='lat' dir='ltr'><strong>camposque</strong></span> <span class='ocrx_word' id='word_1_245' title='bbox 1435 2884 1537 2936; x_wconf 86' lang='lat' dir='ltr'><strong>per</strong></span> <span class='ocrx_word' id='word_1_246' title='bbox 1573 2869 1761 2935; x_wconf 88' lang='lat' dir='ltr'><strong>omnis,</strong></span> 
     </span>
    </p>

    <p class='ocr_par' dir='ltr' id='par_1_35' title="bbox 270 2944 1971 3012">
     <span class='ocr_line' id='line_1_38' title="bbox 270 2944 1971 3012; baseline 0.002 -16"><span class='ocrx_word' id='word_1_247' title='bbox 270 2944 466 2996; x_wconf 88' lang='lat' dir='ltr'><strong>florida</strong></span> <span class='ocrx_word' id='word_1_248' title='bbox 497 2944 767 2997; x_wconf 86' lang='lat' dir='ltr'><strong>fulserunt</strong></span> <span class='ocrx_word' id='word_1_249' title='bbox 799 2944 1058 2998; x_wconf 80' lang='lat' dir='ltr'><strong>viridanti</strong></span> <span class='ocrx_word' id='word_1_250' title='bbox 1092 2948 1255 3012; x_wconf 86' lang='lat' dir='ltr'><strong>prata</strong></span> <span class='ocrx_word' id='word_1_251' title='bbox 1289 2944 1482 3011; x_wconf 88' lang='lat' dir='ltr'><strong>colore,</strong></span> <span class='ocrx_word' id='word_1_252' title='bbox 1896 2958 1971 3000; x_wconf 75' lang='lat'><strong>785</strong></span> 
     </span>
    </p>

    <p class='ocr_par' dir='ltr' id='par_1_36' title="bbox 271 3017 1704 3085">
     <span class='ocr_line' id='line_1_39' title="bbox 271 3017 1704 3085; baseline 0.001 -14"><span class='ocrx_word' id='word_1_253' title='bbox 271 3017 664 3085; x_wconf 88' lang='lat' dir='ltr'><strong>arboribusque</strong></span> <span class='ocrx_word' id='word_1_254' title='bbox 699 3019 945 3073; x_wconf 88' lang='lat' dir='ltr'><strong>datumst</strong></span> <span class='ocrx_word' id='word_1_255' title='bbox 978 3022 1141 3073; x_wconf 77' lang='lat' dir='ltr'><strong>variis</strong></span> <span class='ocrx_word' id='word_1_256' title='bbox 1177 3019 1375 3072; x_wconf 85' lang='lat' dir='ltr'><strong>exinde</strong></span> <span class='ocrx_word' id='word_1_257' title='bbox 1409 3035 1509 3085; x_wconf 88' lang='lat' dir='ltr'><strong>per</strong></span> <span class='ocrx_word' id='word_1_258' title='bbox 1544 3036 1704 3073; x_wconf 87' lang='lat' dir='ltr'><strong>auras</strong></span> 
     </span>
    </p>

    <p class='ocr_par' dir='ltr' id='par_1_37' title="bbox 270 3092 1696 3161">
     <span class='ocr_line' id='line_1_40' title="bbox 270 3092 1696 3161; baseline 0.001 -14"><span class='ocrx_word' id='word_1_259' title='bbox 270 3092 551 3147; x_wconf 84' lang='lat' dir='ltr'><strong>crescendi</strong></span> <span class='ocrx_word' id='word_1_260' title='bbox 585 3110 838 3161; x_wconf 82' lang='lat' dir='ltr'><strong>magnum</strong></span> <span class='ocrx_word' id='word_1_261' title='bbox 874 3095 1107 3148; x_wconf 89' lang='lat' dir='ltr'><strong>inmissis</strong></span> <span class='ocrx_word' id='word_1_262' title='bbox 1142 3098 1417 3148; x_wconf 87' lang='lat' dir='ltr'><strong>certamen</strong></span> <span class='ocrx_word' id='word_1_263' title='bbox 1453 3094 1696 3148; x_wconf 89' lang='lat' dir='ltr'><strong>habenis.</strong></span> 
     </span>
    </p>

    <p class='ocr_par' dir='ltr' id='par_1_38' title="bbox 268 3167 1782 3238">
     <span class='ocr_line' id='line_1_41' title="bbox 268 3167 1782 3238; baseline 0.001 -16"><span class='ocrx_word' id='word_1_264' title='bbox 268 3171 335 3222; x_wconf 86' lang='lat' dir='ltr'><strong>ut</strong></span> <span class='ocrx_word' id='word_1_265' title='bbox 368 3167 554 3237; x_wconf 81' lang='lat' dir='ltr'><strong>pluma</strong></span> <span class='ocrx_word' id='word_1_266' title='bbox 586 3169 755 3236; x_wconf 87' lang='lat' dir='ltr'><strong>atque</strong></span> <span class='ocrx_word' id='word_1_267' title='bbox 788 3168 886 3237; x_wconf 88' lang='lat' dir='ltr'><strong>pili</strong></span> <span class='ocrx_word' id='word_1_268' title='bbox 921 3170 1159 3238; x_wconf 88' lang='lat' dir='ltr'><strong>primum</strong></span> <span class='ocrx_word' id='word_1_269' title='bbox 1195 3172 1489 3236; x_wconf 84' lang='lat' dir='ltr'><strong>saetaeque</strong></span> <span class='ocrx_word' id='word_1_270' title='bbox 1523 3172 1782 3224; x_wconf 85' lang='lat' dir='ltr'><strong>creantur</strong></span> 
     </span>
    </p>
   </div>
  </div>
 </body>
</html>
