2259 3442
1132 105 1195 161 V
1902 106 2016 163 157

312 220 447 273 ergo
480 203 761 259 hominum
796 223 969 275 genus
1003 206 1273 261 incassum
1307 206 1620 275 frustraque
1656 206 1869 260 laborat
1923 221 2021 259 1430

312 298 530 352 semper
564 285 622 336 et
658 282 724 336 in
761 283 903 336 curis
938 284 1207 337 consumit
1242 281 1492 336 inanibus
1527 297 1731 347 aevom,

310 357 568 412 nimirum
604 359 732 426 quia
767 374 875 412 non
909 360 1161 426 cognovit
1196 375 1336 426 quae
1373 359 1445 413 sit
1479 358 1717 411 habendi

310 433 435 487 finis
469 438 528 488 et
564 434 783 488 omnino
818 435 999 503 quoad
1034 439 1244 489 creseat
1278 451 1410 489 vera.
1442 435 1708 503 voluptas

310 510 480 579 idque
503 510 832 564 ‘minutatim
866 510 1033 565 vitam
1068 511 1323 580 provexit
1357 511 1414 565 in
1430 512 1619 565 ·altum
1655 536 1667 546 ·

309 590 368 640 ct
403 585 532 639 belli
567 603 790 654 magnos
827 587 1118 640 commovit
1153 587 1401 641 funditus
1437 586 1658 656 aestus]
1922 601 2016 641 1435

382 663 463 716 At
498 662 690 731 vigiles
725 662 914 716 mundi
948 680 1207 731 magnum
1241 664 1308 718 ac
1342 663 1598 718 versatile
1632 663 1898 735 templum

309 739 391 792 sol
426 745 484 793 et
518 739 645 793 luna
680 756 778 793 suo
812 740 1110 794 lustrantes
1146 740 1351 794 lumine
1385 741 1586 794 circum

307 815 644 883 perdocuere
678 816 925 870 homines
960 832 1226 871 annorum
1261 820 1512 884 tempora
1545 816 1687 870 verti

309 895 370 945 ct
402 895 555 946 certa
589 892 802 946 ratione
834 893 952 961 geri
987 909 1105 946 rem
1141 896 1309 961 atque
1345 893 1537 946 ordine
1571 896 1736 947 certo.

382 968 502 1021 Iam
536 968 734 1021 validis
770 968 946 1037 saepti
984 968 1259 1036 degebant
1294 969 1539 1021 turribus
1572 984 1760 1022 aevom
1920 984 2014 1023 1440

308 1046 368 1096 et
403 1043 577 1096 divisa
612 1042 895 1097 colebatur
929 1044 1275 1112 discretaque
1310 1043 1486 1108 tellus,

308 1118 418 1171 iam
454 1135 605 1172 mare
640 1117 883 1171 velivolis
918 1118 1152 1172 florebat
1189 1118 1491 1187 puppibus3
1526 1118 1690 1173 urbes

307 1194 509 1247 auxilia
543 1211 607 1248 ae
643 1195 815 1248 socios
850 1195 959 1248 iam
995 1199 1158 1265 pacto
1195 1194 1419 1248 foedere
1455 1194 1746 1263 habebant,

307 1269 635 1324 carminibus
669 1287 793 1324 cum
828 1288 918 1324 res
952 1274 1138 1339 gestas
1173 1287 1402 1339 coepere
1436 1274 1632 1339 poetae

308 1346 562 1413 tradere;
595 1364 697 1402 nee
731 1347 904 1402 multo
939 1347 1078 1416 priu'
1115 1350 1244 1400 sunt
1280 1346 1551 1400 elementa
1583 1350 1817 1416 reperta.
1917 1362 2012 1402 1425

306 1428 602 1494 propterea
636 1422 772 1493 quid
807 1424 879 1477 sit
913 1424 1066 1492 prius
1100 1427 1286 1478 actum
1321 1423 1594 1492 respicere
1628 1426 1782 1477 aetas

307 1504 496 1554 nostra
529 1501 737 1570 nequit,
771 1500 874 1553 nisi
907 1516 1016 1568 qua
1049 1501 1192 1554 ratio
1228 1500 1460 1568 vestigia
1493 1503 1777 1554 monstrat.

378 1576 608 1646 Navigia
642 1580 810 1646 atque
845 1577 963 1645 agri
996 1576 1239 1630 culturas
1272 1576 1485 1630 moenia
1517 1576 1665 1644 leges

305 1670 459 1707 arma
493 1654 607 1707 vias
641 1657 822 1707 vestes
859 1660 910 1706 et
945 1657 1131 1708 cetera
1170 1653 1240 1708 de
1274 1669 1477 1720 genere
1513 1651 1723 1711 horu'm,

306 1730 562 1798 praemia,
598 1728 824 1782 delicias
861 1745 1075 1797 quoque
1110 1729 1258 1783 vitae
1293 1728 1542 1782 funditus
1576 1728 1764 1793 omnis,
1917 1743 2010 1781 1150

306 1805 545 1859 carmina
575 1805 833 1873 picturas,
869 1808 927 1858 et
963 1804 1196 1858 daedala
1231 1805 1384 1872 signa
1418 1804 1606 1871 polire,

306 1898 437 1934 usus
472 1884 532 1934 et
566 1880 830 1948 impigrae
865 1880 1023 1933 simul
1059 1880 1397 1947 experientia
1431 1879 1631 1932 mentis

306 1957 569 2026 paulatim
603 1955 790 2009 docuit
824 1955 1184 2024 pedetemtim
1221 1954 1639 2023 progredientis,

306 2033 385 2087 sic
418 2031 851 2100 unumquicquid
885 2030 1148 2100 paulatim
1181 2030 1458 2099 protrahit
1492 2032 1646 2084 aetas

305 2109 363 2162 in
399 2108 640 2163 medium
675 2107 923 2176 ratioque
957 2107 1014 2159 in
1049 2107 1270 2160 luminis
1304 2106 1469 2175 erigit
1501 2122 1637 2160 oras.
1913 2122 2006 2161 1455

307 2201 541 2253 namque
575 2181 689 2237 alid
724 2200 793 2237 ex
829 2183 934 2236 alio
969 2182 1269 2237 clarescere
1304 2185 1363 2236 et
1397 2181 1587 2237 ordine
1623 2181 1793 2237 debet

307 2260 533 2329 artibus,
568 2258 643 2315 ad
678 2274 948 2314 summum
984 2257 1160 2313 donee
1194 2274 1392 2314 venere
1424 2274 1693 2314 cacumen.
