2259 3442
1091 110 1230 168 1111
1939 109 2014 171 01

305 230 407 270 nec
439 216 655 270 ratione
689 216 797 269 alia
833 215 1038 269 servari
1073 232 1238 284 posse
1272 214 1545 283 videntur,

304 294 466 346 tanto
500 308 668 361 opere
702 296 769 344 ut
802 291 1005 345 similes
1042 291 1354 346 reddantur
1388 292 1587 360 cuique
1622 291 1880 365 figurae„

372 368 424 422 N
429 385 535 423 unc
569 384 674 436 age
710 384 874 437 quam
910 368 1062 422 tenui
1100 372 1301 423 natura
1334 373 1554 424 constet
1590 368 1774 436 imago
1950 383 2021 423 110

303 444 540 514 percipe.
576 450 635 500 et
669 445 727 498 in
764 444 969 514 primis,
1006 446 1264 513 quoniam
1301 445 1605 518 primordia
1638 449 1855 500 tantum

304 526 434 577 sunt
468 522 612 575 infra
644 527 864 576 nostros
900 537 1092 576 sensus
1127 525 1393 592 tantoque
1428 523 1638 576 minora

304 615 469 668 quam
503 614 647 668 quae
681 599 920 668 primum
956 597 1098 651 oculi
1135 602 1395 669 coeptant
1428 615 1536 653 non
1571 614 1733 669 posse
1766 597 1929 666 tueri,

303 691 450 729 nunc
485 678 676 729 tamen
711 673 772 728 id
807 690 1025 743 quoque
1061 675 1147 728 uti
1182 676 1515 743 confirmem,
1550 674 1778 730 exordia
1812 690 1997 729 rerum

305 754 624 806 cunctarum
661 767 825 821 quam
862 751 974 806 sint
1010 752 1235 821 suptilia.
1270 753 1491 822 percipe
1527 752 1728 821 paucis,
1949 765 2023 805 115

303 828 541 896 primum
578 829 833 883 animalia
869 833 1001 884 sunt
1033 829 1144 882 iam
1179 829 1384 898 partim
1420 828 1650 896 tantula,
1687 844 1922 895 quorum

303 904 476 959 tertia
510 922 641 975 pars
676 906 826 960 nulla
861 906 1038 976 possit
1070 905 1287 959 ratione
1321 904 1513 960 videri.

305 980 501 1034 horum
536 982 860 1036 intestinum
896 982 1129 1051 quodvis
1166 982 1326 1050 quale
1362 998 1484 1035 esse
1517 981 1930 1055 putandumst!

306 1056 442 1126 quid
465 1056 645 1111 cordis
667 1057 864 1126 globus
889 1062 986 1112 aut
1008 1058 1185 1111 oculil
1211 1057 1341 1125 quid
1364 1056 1648 1111 membra?
1673 1056 1808 1124 quid
1831 1058 2022 1111 artus?

306 1132 570 1200 quantula
603 1136 758 1187 sunt!
797 1132 931 1201 quid
965 1138 1257 1222 praetcrea
1293 1132 1595 1202 primordia
1628 1148 1879 1202 quaeque
1949 1147 2024 1185 12⁰

304 1207 452 1262 unde
486 1208 668 1262 anima
702 1212 872 1278 atque
907 1209 1071 1262 animi
1108 1211 1326 1262 constet
1359 1213 1560 1262 natura
1595 1209 1974 1263 necessumst?

306 1301 488 1339 nonne
521 1283 679 1338 vides
713 1302 879 1354 quam
915 1285 1026 1339 sint
1061 1283 1286 1338 subtilia
1322 1301 1599 1354 quamque
1634 1284 1879 1339 minutal

305 1366 600 1431 praeterea
633 1378 1010 1431 quaecumque
1046 1378 1146 1416 suo
1182 1361 1254 1416 de
1289 1378 1520 1432 corpore
1554 1361 1780 1416 odorem

306 1439 564 1508 expirant
598 1455 794 1506 acrem,
830 1455 1066 1508 panaces
1100 1439 1379 1494 absinthia
1411 1442 1594 1494 taetra

306 1515 709 1585 habrotonique
742 1532 941 1584 graves
978 1520 1037 1570 et
1071 1516 1258 1571 tristia
1292 1520 1602 1584 centaurea,
1952 1529 2026 1568 125

307 1608 541 1662 quorum
578 1608 745 1646 unum
781 1591 1001 1661 quidvis
1035 1592 1233 1648 leviter
1267 1593 1314 1647 si
1349 1593 1494 1647 forte
1531 1591 1747 1647 duobus

1157 1687 1189 1720 al<

306 1744 440 1814 quin
476 1744 663 1814 potius
697 1761 891 1798 noscas
925 1761 1110 1799 rerum
1148 1745 1439 1799 simulacra
1473 1745 1675 1822 vagari

307 1820 488 1874 multa
520 1821 701 1874 modis
737 1820 928 1874 multis
962 1821 1113 1874 nulla
1147 1821 1203 1875 vi
1237 1836 1500 1889 cassaque
1535 1823 1733 1876 sensu?

265 1922 332 1961 ,2
377 1896 515 1966 [Sed
549 1913 619 1949 ne
652 1896 799 1950 forte
832 1901 998 1966 putes
1034 1913 1102 1950 ea
1138 1897 1360 1950 demum
1397 1896 1511 1949 sola
1545 1898 1749 1965 vagari,

217 2231 283 2263 1³³

217 2304 280 2337 141

218 2455 283 2488 1³³

218 2604 284 2639 1³⁶

220 2900 292 2945 ιω

220 2981 285 3014 143

307 1974 686 2042 quaecumque
720 1971 792 2026 ab
825 1970 993 2025 rebus
1027 1988 1216 2025 rerum
1253 1972 1543 2027 simulacra
1576 1974 1862 2041 recedunt,
1953 1987 2027 2028 1³0

309 2054 437 2102 sunt
471 2047 640 2103 etiam
675 2065 818 2117 quae
854 2052 1050 2117 sponte
1086 2064 1188 2102 sua
1221 2047 1525 2117 gignuntur
1560 2052 1619 2104 et
1654 2050 1777 2120 ipsa

308 2122 720 2180 constituuntur
754 2125 811 2179 in
845 2127 949 2180 hoe
985 2125 1140 2180 caelo
1175 2125 1270 2196 qui
1305 2125 1512 2179 dicitur
1544 2142 1653 2192 aer,

308 2219 449 2272 quae
480 2202 673 2256 multis
708 2202 945 2270 formata
979 2202 1158 2256 modis
1196 2200 1427 2256 sublime
1462 2202 1718 2257 feruntur

309 2296 409 2334 nec
444 2280 681 2348 speciem
718 2282 936 2334 mutare
971 2296 1125 2334 suam
1161 2278 1427 2349 liquentia
1461 2285 1678 2334 cessant

309 2360 369 2410 ct
403 2357 662 2425 cuiusque
698 2356 848 2411 modi
883 2357 1183 2412 formarum
1218 2359 1439 2412 vertere
1472 2356 1532 2411 in
1566 2373 1722 2424 oras;
1953 2369 2028 2411 135

306 2435 373 2486 ut
405 2432 581 2486 nubes
617 2433 777 2488 facile
815 2434 1094 2489 interdum
1130 2450 1484 2489 concrescere
1523 2434 1581 2488 in
1616 2434 1731 2490 alto

309 2508 580 2562 cernimus
614 2514 676 2564 et
709 2511 900 2564 mundi
938 2512 1176 2580 speciem
1216 2510 1419 2566 violare
1455 2526 1702 2565 serenam

309 2600 439 2638 aera
472 2584 774 2639 mulcentes
808 2590 977 2641 motu.
1013 2604 1141 2642 nam
1180 2602 1342 2657 saepe
1378 2588 1676 2655 Gigantum

308 2677 406 2716 ora
439 2661 624 2715 volare
658 2660 917 2716 videntur
952 2666 1013 2717 et
1045 2664 1299 2718 umbram
1335 2663 1540 2719 ducere
1575 2663 1703 2730 late,

307 2738 587 2793 interdum
621 2740 809 2807 magni
844 2743 1061 2794 montes
1095 2740 1388 2810 avolsaque
1424 2756 1559 2794 saxa
1952 2752 2026 2791 ιω

309 2814 590 2869 montibus
624 2816 837 2869 anteire
874 2820 933 2870 et
969 2816 1138 2871 solem
1175 2817 1471 2871 succedere
1505 2819 1743 2885 praeter,

310 2893 440 2946 inde
474 2892 608 2946 alios
641 2892 863 2947 trahere
900 2897 1068 2962 atque
1103 2892 1366 2947 inducere
1402 2892 1567 2947 belua
1602 2890 1854 2961 nimbos]

382 2969 434 3023 N
437 2986 542 3024 unc
577 2985 645 3024 ea
677 2986 844 3040 quam
879 2970 1026 3023 facili
1063 2974 1122 3024 et
1158 2969 1323 3024 celeri
1359 2970 1574 3023 ratione
1609 2978 1883 3037 genantur

312 3049 693 3115 perpetuoque
726 3045 900 3100 fluant
935 3045 1008 3098 ab
1042 3045 1211 3099 rebus
1246 3044 1508 3116 lapsaque
1543 3045 1747 3101 cedant

311 3222 531 3278 semper
554 3209 698 3263 enim
725 3225 997 3265 summum
1020 3207 1281 3280 quicquid
1307 3209 1377 3263 de
1402 3208 1568 3263 rebus
1593 3205 1841 3260 abundat
1947 3215 2022 3258 14³
