2259 3442
792 423 850 479 Τ.
885 421 1221 478 LUCRETI
1259 423 1450 480 CARI

471 595 643 689 DE
727 594 1167 670 RERUM
1254 593 1781 673 NATURA
1891 554 1894 558 ’

847 796 1068 844 LIBER
1099 796 1425 848 TERTIUS.

1023 969 1229 996 —0—

219 1082 261 1124 Γ
550 1108 565 1127 ι
743 1111 756 1126 .

268 1105 598 1192 Ε-,ὶοηθῦνιε
618 1113 788 1169 tantis
822 1115 937 1168 tam
971 1114 1179 1169 clarum
1213 1113 1481 1168 extollere
1513 1113 1702 1170 lumen

265 1189 362 1258 qui
394 1190 605 1260 primus
637 1189 869 1260 potuisti
904 1189 1202 1244 inlustrans
1236 1189 1522 1244 commoda
1556 1191 1724 1260 vitae,

265 1269 325 1320 te
359 1282 571 1335 sequor,
608 1282 641 1320 o
678 1266 877 1320 Graiae
908 1266 1091 1334 gentis
1127 1267 1309 1332 decim,
1345 1265 1512 1334 inque
1545 1267 1656 1321 tuis
1689 1284 1836 1324 nunc

265 1343 396 1396 ficta
427 1342 632 1411 pedum
666 1359 809 1412 pono
844 1341 1049 1411 pressis
1082 1341 1317 1409 vestigia
1352 1342 1535 1410 signiS,
1744 1358 1761 1363 ·

264 1434 371 1470 non
405 1417 487 1471 ita
520 1417 768 1472 certandi
804 1416 1037 1486 cupidus
1071 1433 1234 1485 quam
1269 1422 1501 1486 propter
1533 1435 1776 1475 amorem
1946 1445 1973 1484 5

263 1492 412 1561 quod
447 1496 508 1547 te
540 1493 744 1547 imitari
778 1508 940 1558 ave03
977 1492 1111 1560 quid
1146 1492 1291 1546 enim
1328 1495 1628 1549 contendat
1662 1496 1899 1551 hirundo

264 1569 459 1637 cycniS,
495 1574 593 1624 aut
627 1568 762 1639 quid
798 1584 923 1621 nam
958 1568 1208 1622 tremulis
1241 1569 1425 1623 facere
1459 1572 1690 1626 artubus
1726 1573 1889 1627 haedi

250 1645 538 1700 'consimile
571 1646 630 1700 in
664 1662 826 1700 cursu
860 1644 1073 1715 possint
1108 1648 1167 1700 et
1200 1645 1360 1699 sortis
1395 1647 1522 1716 equi
1557 1649 1672 1702 vis?
1752 1666 1755 1669 ·

262 1730 337 1791 tu,
372 1726 548 1793 pater,
583 1741 643 1779 es
676 1740 861 1777 rerum
895 1723 1163 1791 inventor,
1199 1726 1264 1778 tu
1296 1724 1480 1793 patria
1513 1725 1673 1779 nobis

261 1799 583 1870 suppeditas
615 1803 929 1871 praecepta,
965 1799 1184 1869 tuisque
1219 1816 1305 1868 ex,
1341 1799 1557 1867 inclute,
1591 1800 1812 1870 chartis,
1920 1819 1969 1858 10

261 1876 511 1932 floriferis
545 1883 610 1933 ut
643 1894 777 1949 apes
810 1877 867 1930 in
903 1876 1132 1931 saltibus
1167 1876 1351 1930 omnia
1383 1876 1578 1946 libant,

258 1954 440 2008 omnia
473 1972 571 2010 nos
605 1955 799 2010 itidem
835 1953 1182 2024 depascimur
1216 1969 1381 2007 aurea
1415 1952 1580 2020 dieta,

260 2048 439 2100 aurea,
474 2035 743 2103 perpetua
765 2047 996 2099 semper
1031 2030 1350 2098 dignissima
1382 2029 1511 2083 vita.

258 2124 383 2161 nam
420 2108 578 2162 simul
612 2124 677 2162 ae
714 2107 854 2161 ratio
889 2110 986 2160 tua
1003 2105 1204 2174 ¹eoepit
1238 2104 1522 2158 vociferari

257 2187 509 2237 naturam
545 2200 744 2250 rerum,
782 2181 966 2235 divina
991 2184 1187 2234 ,mente
1221 2182 1421 2245 coorta,
1915 2194 1964 2238 15

255 2259 547 2327 diffugiunt
582 2258 749 2312 animi
783 2261 1041 2322 terrores,
1076 2254 1291 2307 moenia
1324 2253 1514 2306 mundi

255 2333 563 2401 discedunt,
599 2337 779 2387 totum
814 2330 973 2384 video
1008 2345 1112 2398 per
1148 2329 1308 2383 inane
1342 2329 1460 2396 geri
1497 2345 1602 2383 res.

255 2412 489 2480 apparet
525 2409 710 2463 divum
746 2422 945 2459 numen
982 2404 1253 2473 sedesque
1289 2406 1507 2474 quietae

252 2503 386 2554 quas
421 2502 597 2554 neque
632 2482 948 2539 concutiunt
982 2480 1132 2536 venti
1172 2497 1272 2537 nee
1310 2482 1497 2536 nubila
1529 2483 1730 2537 nimbis
1954 2531 1971 2575 i

251 2567 553 2634 aspergunt
587 2576 762 2630 neque
798 2559 891 2612 nix
926 2560 1040 2613 acri
1075 2564 1333 2615 concreta
1367 2560 1562 2630 pruina
1908 2580 1957 2619 20

248 2657 384 2695 cana
418 2640 619 2694 cadens
654 2638 821 2692 violat
857 2654 1183 2716 semperflue
1218 2639 1493 2694 innubilus
1529 2639 1723 2694 aether

247 2717 461 2785 integit,
503 2722 562 2772 et
595 2717 748 2786 large
784 2714 980 2770 diffuso
1015 2716 1219 2771 lumine
1254 2718 1452 2772 rident.

246 2792 427 2846 omnia
463 2794 783 2864 suppeditat
819 2809 982 2862 porro
1017 2797 1214 2847 natura
1249 2812 1426 2862 neque
1461 2794 1573 2848 ulla

244 2884 335 2922 res
370 2868 535 2922 animi
570 2887 760 2939 pacem
798 2868 1007 2924 delibat
1043 2874 1294 2939 tempore
1330 2873 1385 2924 in
1419 2871 1541 2924 ulle.

244 2948 305 2998 at
340 2948 530 2998 contra
563 2962 828 3014 nusquam
863 2950 1131 3016 apparent
1170 2947 1476 3002 Acherusia
1510 2944 1717 3015 templa
1898 2962 1951 3002 25

240 3036 345 3074 nec
380 3020 544 3074 tellus
579 3022 765 3076 obstat
802 3023 930 3091 quin
968 3024 1150 3076 omnia
1185 3022 1563 3093 dispiciantur,

241 3095 344 3149 sub
379 3096 613 3165 pedibus
647 3107 1021 3167 quaecumque
1055 3100 1200 3152 infra
1233 3117 1336 3169 per
1369 3100 1529 3152 inane
1562 3102 1843 3167 geruntur.

239 3171 327 3225 his
361 3171 437 3225 ibi
473 3189 561 3229 me
597 3176 761 3229 rebus
796 3176 1063 3242 quaedam
1101 3175 1289 3230 divina
1324 3176 1574 3245 voluptas
