2259 3442
1110 100 1209 157 VI
1898 105 2010 162 175

300 204 448 261 unde
483 209 712 274 repente
747 208 916 274 queat
950 205 1116 260 tellus
1153 221 1414 260 concussa
1448 207 1653 262 moveri

298 299 507 352 perque
542 299 694 336 mare
729 299 794 337 ac
828 286 1010 337 terras
1044 282 1272 352 rapidus
1306 299 1630 352 percurrere
1665 283 1843 351 turbo,

297 360 440 428 ignis
474 357 761 412 abundare
798 361 1099 426 Aetnaeus,
1134 359 1509 413 flammescere
1544 359 1770 414 caelum.

294 436 357 490 id
392 452 608 505 quoque
643 435 789 489 enim
824 435 890 489 fit
926 438 984 489 ot
1018 435 1313 489 ardescunt
1347 436 1607 490 caelestia
1642 437 1851 505 templa
1938 452 2012 490 670

297 516 357 567 et
391 515 751 579 tempestates
786 511 1001 581 pluviae
1036 512 1289 579 graviore
1326 516 1516 566 coortu

297 592 441 656 sunt,
476 587 572 642 ubi
605 589 751 642 forte
784 589 864 642 ita
898 605 958 642 se
994 587 1304 643 tetulerunt
1339 590 1545 643 semina
1580 606 1858 660 aquarum.

298 666 383 719 ‘at
416 664 580 719 nimis
614 668 702 719 est
735 666 925 733 ingens
959 664 1177 718 incendi
1214 664 1474 720 turbidus
1508 666 1704 720 ardor?

297 742 505 796 scilicet
541 744 600 796 et
635 741 831 795 fluvius
867 741 1046 811 quivis
1080 745 1168 795 cst
1202 742 1472 797 maximus
1507 742 1559 797 ei

297 819 393 887 qui
427 836 536 872 non
572 822 700 872 ante
734 817 973 887 aliquem
1008 819 1273 873 maiorem
1308 818 1462 887 vidit,
1499 823 1559 874 et
1589 818 1784 887 ingens
1937 833 2014 876 675

296 895 462 949 arbor
495 895 768 964 homoque
803 896 1039 964 videtur,
1074 899 1134 949 et
1168 896 1347 949 omnia
1383 895 1455 949 de
1488 912 1690 964 genere
1724 895 1872 949 omni

297 973 534 1026 maxima
568 989 707 1041 quae
743 972 884 1026 vidit
921 972 1168 1041 quisque,
1205 972 1340 1025 haec
1376 972 1624 1039 ingentia
1657 972 1834 1040 fingit,

296 1064 419 1101 cum
455 1052 643 1102 tamen
679 1049 860 1102 omnia
895 1064 1020 1101 cum
1056 1048 1207 1101 caclo
1242 1051 1502 1116 terraque
1535 1047 1782 1116 marique

295 1124 373 1177 nil
407 1125 519 1178 sint
554 1124 626 1178 ad
664 1140 929 1177 summam
967 1124 1198 1177 summai
1231 1124 1402 1177 totius
1438 1140 1670 1178 omnem.

368 1200 421 1253 N
423 1217 528 1254 unc
562 1203 753 1254 tamen
789 1200 883 1252 illa
917 1199 1093 1254 modis
1129 1199 1331 1269 quibus
1365 1200 1590 1254 inritata
1623 1203 1854 1269 repente
1939 1214 2014 1273 oso

296 1275 516 1330 flamma
549 1277 697 1331 foras
731 1276 901 1330 vastis
940 1278 1161 1330 Aetnae
1196 1275 1504 1330 fornacibus
1540 1276 1703 1344 efflet,

295 1353 599 1423 expediam.
643 1352 882 1422 primum
917 1353 1088 1407 totius
1124 1352 1360 1406 subcava
1394 1352 1597 1406 montis

294 1433 382 1485 est
415 1433 628 1497 natura,
662 1431 779 1483 fere
816 1429 1026 1483 silicum
1062 1429 1286 1484 suffulta
1320 1429 1578 1483 cavernis.

296 1506 545 1560 omnibus
580 1510 668 1561 est
700 1523 867 1576 porro
901 1506 958 1559 in
994 1506 1267 1576 speluncis
1302 1509 1498 1560 ventus
1534 1510 1594 1561 et
1628 1522 1736 1560 aer.

296 1587 491 1638 ventus
526 1584 670 1638 enim
706 1583 786 1649 fit,
822 1583 916 1636 ubi
951 1586 1040 1637 cst
1074 1583 1336 1650 agitando
1372 1583 1618 1653 percitus
1652 1600 1762 1638 aer.
1939 1598 2014 1637 ⁰85

295 1658 385 1713 hic
417 1659 512 1713 ubi
546 1659 818 1728 percaluit
852 1659 1210 1728 calefecitque
1245 1661 1426 1714 omnia
1459 1660 1663 1714 circum

297 1753 429 1790 saxa
462 1736 661 1800 furens,
697 1752 807 1803 qua
840 1736 1124 1803 contingit,
1160 1739 1494 1805 terramque,
1529 1740 1589 1790 et
1622 1736 1694 1790 ab
1730 1735 1850 1790 ollis

296 1812 536 1866 excussit
570 1812 809 1865 calidum
844 1812 1075 1865 flammis
1110 1811 1386 1865 velocibus
1421 1813 1619 1879 ignem,

294 1888 442 1942 tollit
478 1904 539 1941 se
572 1904 637 1941 ac
671 1887 839 1942 rectis
874 1889 955 1941 ita
987 1886 1237 1941 faucibus
1272 1887 1400 1942 eicit
1435 1887 1562 1939 alte.

293 1965 406 2020 fert
440 1965 628 2032 itaque
663 1963 918 2018 ardorem
954 1964 1113 2032 longe
1151 1964 1422 2032 longeque
1456 1963 1697 2017 favillam
1939 1978 2014 2018 eoo

296 2042 485 2096 differt
506 2043 581 2095 .et
615 2056 800 2094 crassa
834 2039 1005 2094 volvit
1040 2040 1271 2108 caligine
1306 2041 1517 2094 fumum

297 2117 654 2186 extruditque
688 2115 848 2169 simul
882 2116 1130 2170 mirando
1165 2115 1411 2186 pondere
1449 2132 1607 2181 saxa3

297 2211 367 2248 ne
402 2194 623 2248 dubites
659 2193 789 2264 quin
825 2193 961 2247 haec
996 2193 1195 2247 animai
1230 2192 1456 2247 turbida
1491 2193 1566 2247 sit
1601 2192 1696 2246 vis.

295 2275 583 2340 praeterea
615 2288 815 2340 magna
849 2287 919 2325 ex
954 2270 1102 2341 parti
1137 2286 1288 2323 mare
1322 2271 1525 2325 montis
1559 2269 1633 2324 ad
1667 2269 1787 2323 eius

295 2347 509 2401 radices
540 2347 748 2417 frangit
783 2348 982 2402 fluctus
1016 2349 1338 2415 aestumque
1372 2346 1638 2400 resorbet.
1936 2362 2010 2402 096

293 2421 368 2477 ⁴ex
401 2423 504 2476 hoc
537 2440 711 2493 usque
746 2425 886 2478 mari
922 2424 1213 2493 speluncae
1249 2424 1455 2478 montis
1490 2423 1562 2477 ad
1598 2423 1738 2477 altas

295 2499 624 2570 perveniunt
659 2499 852 2554 subter
884 2501 1083 2554 fauces.
1119 2499 1224 2553 hac
1259 2501 1344 2554 ire
1378 2500 1727 2554 fatendumst

297 2655 356 2707 et
389 2655 682 2721 penetrare
717 2652 857 2706 mari
891 2652 1112 2721 penitus
1146 2669 1238 2707 res
1272 2653 1418 2720 cogit
1453 2655 1646 2721 aperto

296 2732 467 2797 atque
501 2729 685 2783 efflare
719 2729 868 2783 foras
902 2728 1139 2797 ideoque
1173 2728 1438 2782 extollere
1473 2728 1747 2781 flammam

297 2822 541 2875 saxaque
576 2805 883 2859 subiectare
918 2809 977 2860 et
1010 2821 1210 2859 arenae
1244 2804 1440 2859 tollere
1475 2804 1703 2858 nimbos.
1933 2818 2010 2859 ⁷00

293 2883 352 2935 in
389 2898 602 2936 summo
639 2884 767 2935 sunt
800 2882 1006 2935 vertice
1042 2881 1189 2934 enim
1225 2884 1481 2948 crateres,
1518 2883 1585 2934 ut
1617 2880 1722 2948 ipsi

296 2958 656 3025 nominitant3
691 2974 789 3012 nos
825 2959 976 3027 quod
1009 2958 1196 3011 fauces
1231 2956 1584 3034 perhibemus
1619 2959 1680 3010 et
1713 2972 1824 3010 ora.

367 3034 510 3090 Sunt
530 3036 743 3104 aliquot
767 3049 984 3104 quoque
1008 3049 1098 3087 res
1121 3049 1353 3103 quarum
1377 3050 1542 3088 unam
1569 3033 1755 3087 dicere
1787 3048 2007 3087 causam

296 3127 408 3165 non
443 3112 575 3165 satis
609 3114 709 3178 est,
745 3127 937 3165 verum
971 3109 1160 3179 pluris,
1194 3110 1344 3164 unde
1377 3126 1487 3163 una
1519 3112 1704 3163 tamen
1741 3110 1844 3175 sit3

297 3183 493 3256 corpus
527 3191 592 3241 ut
626 3187 938 3242 exanimum
975 3186 1172 3254 siquod
1205 3187 1393 3256 procul
1430 3187 1550 3255 ipse
1583 3186 1762 3241 iacere
1934 3198 2008 3240 70⁶
