2259 3442
1135 92 1244 150 III
1806 138 1809 143 .
1945 94 2036 151 281

329 165 481 254 adde
516 196 668 268 quod
700 197 758 250 in
792 197 978 267 nigras
1012 197 1252 266 lethargi
1288 198 1559 266 mergitur
1593 196 1784 251 undas.
1895 202 2019 245 ἀφ’*
2104 242 2123 251 υ

402 275 497 329 Nil
519 275 691 343 igitur
714 291 861 328 mors
884 280 972 328 est
994 274 1068 328 ad
1090 291 1192 328 nos
1214 290 1395 343 neque
1419 274 1663 344 pertinet
1685 273 1893 343 hilum„
1969 290 2018 328 s}

330 350 782 421 quandoquidem
817 355 1014 405 natura
1049 351 1216 405 animi
1251 350 1499 404 mortalis
1534 349 1786 404 habetur.

329 433 391 482 ct
425 428 576 482 velut
610 430 864 481 anteacto
898 427 976 481 nil
1012 430 1262 496 tempore
1297 427 1566 481 sensimus
1589 427 1756 495 aegri,

329 504 404 558 ad
439 503 843 572 confligendum
876 504 1222 558 venientibus
1256 503 1503 574 undique
1540 503 1754 569 Poenis,

330 580 514 634 omnia
546 597 670 634 cum
705 580 836 634 belli
873 579 1090 649 trepido
1126 596 1390 634 concussa
1424 580 1670 634 tumultu

327 656 555 717 horrida
590 661 972 711 contremuere
1008 655 1111 710 sub
1147 656 1275 710 altis
1311 656 1553 711 aetheris
1585 656 1714 726 oris,
1971 671 2044 711 835

329 734 386 787 in
422 732 702 802 dubioque
734 733 888 787 fuere
922 736 1174 786 utrorum
1211 733 1284 787 ad
1319 750 1490 801 regna
1525 731 1836 788 cadendum

321 810 581 864 'omnibus
615 810 866 864 humanis
901 813 1050 864 esset
1084 813 1344 879 terraque
1380 811 1642 878 marique,

329 887 423 955 sic,
457 885 550 940 ubi
585 903 692 940 nou
729 887 948 954 erimus,
981 903 1105 940 cum
1141 887 1382 955 corporis
1417 891 1587 954 atque
1622 885 1824 940 animai

331 962 624 1017 discidium
656 963 826 1017 fuerit
860 962 1061 1033 quibus
1096 980 1129 1017 e
1167 979 1354 1016 sumus
1390 964 1574 1016 uniter
1611 962 1741 1031 apti,
1766 1000 1779 1006 a

315 1038 539 1092 ‘scilicet
559 1038 709 1092 haud
733 1038 890 1093 nobis
913 1039 1223 1109 quicquam,
1249 1039 1345 1107 qui
1369 1055 1477 1092 non
1501 1039 1704 1092 erimus
1727 1043 1863 1103 tum,
1945 1050 2046 1090 'ew

330 1114 584 1169 accidere
605 1115 824 1168 omnino
858 1114 1066 1184 poterit
1101 1130 1430 1182 sensumque
1465 1130 1700 1182 movere,

332 1207 443 1245 non
476 1190 523 1246 si
556 1194 709 1245 terra
742 1192 882 1245 mari
916 1190 1238 1245 miscebitur
1272 1194 1333 1245 et
1367 1207 1519 1245 mare
1553 1188 1718 1244 caelo,

331 1269 394 1321 et
427 1266 475 1322 si
509 1266 619 1320 iam
653 1269 843 1325 nostro
876 1267 1052 1321 sentit
1087 1266 1163 1320 de
1195 1283 1422 1335 corpore
1456 1271 1750 1337 postquam

317 1345 656 1413 ,distractast
690 1342 857 1397 animi
893 1346 1092 1398 natura
1126 1343 1451 1413 animaeque
1486 1347 1750 1414 potestas,

316 1421 408 1474 Ι1111
443 1424 628 1475 tamen
664 1423 751 1475 est
786 1418 861 1473 ad
892 1436 993 1473 nos
1029 1420 1141 1489 qui>
1162 1425 1386 1488 comptu
1421 1420 1779 1490 coniugioque
1974 1432 2048 1476 845

333 1496 574 1567 corporis
607 1501 779 1567 atque
814 1496 1035 1565 animae
1062 1496 1411 1569 consistimus
1444 1498 1629 1552 uniter
1661 1497 1795 1567 apti.
1820 1545 1839 1552 „
2018 1524 2023 1527 -

332 1590 450 1642 nec,
485 1574 531 1627 si
566 1574 853 1628 materiem
888 1577 1134 1628 nostram
1169 1573 1454 1642 collegerit
1467 1606 1471 1611 ·
1485 1577 1640 1628 aetas
1718 1606 1725 1612 ·

331 1654 460 1720 post
495 1649 706 1704 obitum
742 1666 1069 1718 rursumque
1097 1647 1388 1719 'redegerit
1421 1653 1488 1706 ut
1521 1650 1628 1725 sita
1661 1667 1807 1705 nunc
1841 1653 1933 1706 est·

332 1730 501 1796 atque
536 1727 737 1781 iterum
773 1726 929 1779 nobis
963 1727 1168 1781 fuerint
1203 1727 1336 1781 data
1369 1727 1574 1781 lumina
1606 1728 1768 1795 vitae,

316 1803 610 1872 ‘pertineat
634 1803 926 1871 quicquam
950 1807 1134 1856 tamen
1161 1804 1235 1856 ad
1257 1820 1356 1857 nos
1374 1803 1432 1856 id
1457 1820 1675 1872 quoque
1698 1804 1922 1872 factum,
1973 1817 2049 1858 850

329 1879 640 1948 interrupta
674 1879 845 1932 semel
880 1894 1003 1932 cum
1041 1879 1113 1932 sit
1149 1880 1458 1948 repetentia
1493 1879 1684 1933 nostri.
2024 1908 2029 1911 -

332 1959 393 2011 ct
426 1973 569 2009 nunc
603 1956 678 2009 nil
712 1955 786 2008 ad
822 1970 922 2008 nos
956 1953 1028 2008 de
1063 1954 1223 2009 nobis
1257 1956 1470 2021 attinet,
1506 1960 1637 2010 ante
1661 1989 1667 1993 >

332 2033 429 2103 qui
460 2032 674 2097 fuimus,
709 2048 884 2099 neque
918 2030 1028 2084 iam
1063 2032 1136 2085 de
1169 2031 1277 2086 illis
1310 2047 1409 2085 nos
1444 2031 1633 2087 adficit
1665 2049 1853 2101 angor.

332 2121 460 2163 nam
496 2125 620 2163 cum
655 2108 913 2177 respicias
947 2108 1180 2163 inmensi
1215 2108 1481 2176 temporis
1517 2125 1678 2164 omne

319 2186 695 2256 <praeteritum
732 2185 987 2255 spatium,
1025 2188 1145 2238 tum
1182 2188 1365 2239 motus
1399 2185 1649 2240 materiai
1974 2201 2048 2242 85⁵

335 2263 671 2317 multimodis
707 2279 873 2331 quam
909 2262 1036 2330 sint,
1071 2261 1230 2316 facile
1265 2261 1368 2316 hoc
1402 2261 1706 2317 adcredere
1739 2262 1930 2333 possis,

336 2339 544 2392 semina
578 2356 744 2408 saepe
778 2339 835 2392 iu
871 2338 1081 2407 eodem,
1117 2343 1181 2394 ut
1198 2354 1359 2409 ,nunc
1395 2343 1540 2406 sunt,
1576 2340 1769 2394 ordine
1803 2343 1966 2409 posta

242 2432 308 2466 σω
336 2414 471 2469 haec
506 2414 716 2481 eadem,
753 2414 953 2484 quibus
987 2431 1021 2469 e
1055 2432 1199 2469 nunc
1233 2431 1334 2468 nos
1371 2431 1573 2484 sumus,
1609 2419 1740 2471 ante
1773 2416 1958 2470 fuisse.

243 2511 310 2543 sus
335 2507 436 2545 nec
472 2490 701 2544 memori
736 2495 922 2545 tamen
957 2491 1018 2544 id
1055 2492 1274 2560 quimus
1309 2492 1751 2561 repraehendere
1784 2497 1992 2560 ment03

332 2566 479 2621 inter
515 2566 656 2619 enim
692 2566 890 2620 iectast
924 2568 1056 2620 vitai
1092 2584 1264 2636 pausa
1300 2585 1545 2636 vageque
1974 2584 2048 2623 sco

335 2638 688 2698 decr—r‘affi‘fi't*
697 2643 900 2711 “passim
938 2648 1120 2697 motus
1155 2643 1227 2697 ab
1264 2645 1515 2698 sensibus
1550 2660 1751 2698 omnes.

334 2719 503 2774 debet
539 2718 702 2787 enim,
738 2719 938 2773 misere
975 2719 1021 2772 si
1055 2720 1200 2774 forte
1235 2737 1507 2789 aegreque
1541 2719 1860 2788 futurumst,

335 2796 453 2865 ipse
489 2813 707 2866 quoque
741 2812 862 2850 esse
894 2796 950 2848 in
987 2812 1053 2849 eo
1087 2800 1209 2850 tum
1244 2800 1509 2865 tempore,
1547 2798 1636 2851 cui
1671 2797 1813 2851 male
1847 2798 2021 2865 possit

335 2872 593 2928 accidere.
632 2873 692 2927 id
729 2872 986 2943 quoniam
1022 2888 1172 2927 mors
1208 2872 1414 2938 eximit,
1452 2890 1689 2943 esseque
1720 2873 1919 2951 prop-et

245 2949 488 3004 uexillum
523 2950 609 3004 cui
644 2950 856 3020 possint
889 2949 1236 3003 incommoda
1270 2948 1559 3017 conciliari,
1973 2960 2046 3003 865

338 3026 477 3080 scire
511 3027 638 3081 licet
673 3027 828 3081 nobis
863 3026 938 3080 nil
975 3043 1097 3081 esse
1131 3026 1191 3080 in
1229 3030 1407 3081 morte
1441 3025 1747 3080 timendum

338 3119 437 3156 nec
472 3103 728 3157 miserum
766 3103 885 3158 fieri
922 3103 1017 3173 qui
1052 3119 1162 3157 non
1197 3106 1285 3158 est
1317 3102 1476 3171 posse
1511 3119 1687 3171 neque
1721 3101 1894 3155 hilum

337 3178 560 3298 differre
592 3174 712 3234 isne
747 3180 860 3235 ullo
893 3180 1065 3236 fuerit
1099 3179 1211 3235 iam
1246 3183 1498 3251 tempore
1532 3185 1709 3248 natus,

380 3258 408 3299 ο
