2259 3442
1151 122 1223 178 vii

329 258 474 315 vidit
523 259 808 330 Marullus,
845 263 913 316 ut
952 259 1282 316 adnotatum
1320 262 1505 316 inveni
1541 260 1598 315 in
1639 262 1889 331 margine
1923 263 2041 319 cod.

332 345 591 401 Laurent.
614 347 753 417 plut.
779 363 933 402 xxxv
957 353 1040 403 32.

434 438 536 488 469
606 450 708 503 pro
752 444 963 486 TERRIS
1013 435 1144 489 dedi
1200 436 1446 490 Teucris.
1514 437 1897 492 Lachmannus
1926 454 2042 507 per

329 524 447 574 sest.
473 519 539 573 cf.
568 521 740 576 annal.
764 523 894 591 phil.
924 522 1185 579 Cantabr.
1210 538 1233 576 1
1256 540 1308 592 p.
1333 528 1415 579 28.

435 610 552 671 489,
588 611 691 660 492
764 608 1149 664 Lachmannus
1183 608 1503 679 pravissime
1541 612 1737 664 eontra
1769 609 1940 665 libros
1981 614 2041 666 et

328 688 433 742 leei
458 691 786 748 sententiam
818 695 878 749 T.
905 712 946 749 e.
968 697 1024 760 j:
1058 694 1290 762 caelum,
1316 712 1380 764 p.
1414 712 1455 749 ε.
1492 695 1545 749 d.
1581 696 1644 751 cl.
1681 695 1743 750 it.
1775 712 1827 753 a.
1864 714 1913 751 v.
1971 696 2037 751 ef.

328 787 450 826 ann.
476 773 607 842 phil.
635 776 895 832 cantabr.
920 778 954 832 1.
978 778 1012 832 1.

432 862 534 917 517
604 863 959 920 membranae
999 865 1307 920 rectissime
1355 876 1550 919 ῙΝΑΝΕ
1582 878 1777 927 QUEAT
1807 879 2035 922 RERUM.

328 942 708 1002 Lachmannus
731 950 812 1005 in.
839 951 907 1004 in
933 951 1082 1007 rebu'
1103 968 1155 1020 q.

432 1038 534 1087 520
605 1034 734 1089 libri
775 1040 995 1092 servate
1035 1038 1268 1107 antique
1313 1038 1587 1093 scribendi
1621 1057 1823 1109 genere
1863 1053 2036 1094 vocA-

326 1129 455 1186 RET,
495 1118 600 1173 hee
647 1123 735 1174 est
772 1128 1011 1191 vacaret,
1050 1123 1201 1191 qued
1239 1123 1461 1193 scripsit
1507 1122 1899 1179 Lachmannus.
1967 1127 2032 1180 ef.

326 1222 468 1274 quae
507 1206 700 1263 Frane.
744 1208 1049 1263 Buecheler
1090 1208 1235 1263 dixit
1273 1209 1332 1263 in
1373 1209 1516 1263 Mus-
1553 1208 1728 1264 Rhen.
1766 1227 1819 1264 n.
1849 1198 1890 1265 s.
1924 1227 2036 1269 x111

324 1309 378 1362 p.
402 1297 506 1347 483
531 1295 636 1346 cet.

432 1383 535 1432 525
604 1378 913 1435 rectissime
949 1379 1253 1436 Lambinus
1285 1381 1707 1451 Distinctumst,
1742 1383 2031 1451 quoniam.

326 1464 720 1533 Lachmannus,
769 1471 988 1523 servata
1045 1468 1295 1523 codicum
1344 1469 1616 1538 scriptura
1661 1481 2032 1522 DISTINOTUM

325 1562 620 1621 QUONIAM,
645 1552 748 1621 leci
771 1554 1039 1609 rationem
1062 1571 1288 1625 prorsus
1310 1557 1594 1625 pervertit.

429 1643 529 1692 555
599 1640 697 1692 aut
718 1637 878 1692 fallor
901 1642 999 1693 aut
1023 1638 1346 1695 Lucretium
1378 1642 1458 1695 ad
1484 1647 1719 1696 auctum
1750 1641 2031 1712 scripsisse

325 1721 696 1779 demonstravi
743 1725 801 1778 in
847 1724 1027 1780 annal.
1066 1724 1199 1796 phil.
1240 1740 1264 1780 1
1298 1742 1350 1795 p.
1369 1728 1508 1784 '377.
1578 1726 1714 1780 haee
1753 1724 2031 1794 voeabula,

323 1825 465 1877 quae
510 1809 794 1879 archetypi
840 1810 1075 1879 paginae
1119 1809 1322 1864 tertiae
1364 1812 1424 1863 et
1462 1808 1791 1864 vicensimae
1835 1809 2032 1863 ultima

323 1897 498 1961 crant,
536 1912 666 1949 casu
703 1896 1065 1962 interierunt3
1100 1895 1305 1950 deinde
1332 1894 1599 1949 librorum
1631 1908 1791 1949 FINIs
1822 1893 1929 1948 huc
1960 1911 2029 1948 cx

322 1979 499 2032 vicino
538 1996 703 2034 versu
742 1980 979 2050 irrepsit.
1049 1981 1431 2037 Lachmannus
1471 1995 1699 2033 summa
1738 1980 1936 2034 aetatis
1967 1997 2028 2049 p.

310 2065 469 2127 finis.
722 2119 733 2124 -

427 2156 530 2206 566
592 2148 818 2220 possit(
860 2152 987 2208 libri
1011 2164 1266 2222 Possm'r,
1303 2151 1458 2207 verbi
1490 2168 1717 2206 numero
1748 2150 1822 2206 ad
1852 2150 2030 2206 vicina

322 2235 591 2291 vocabula
624 2254 795 2307 prave
831 2237 1255 2293 accommodato.
1325 2237 1511 2307 possit
1546 2236 1728 2304 reddi,
1772 2235 1876 2290 hoe
1924 2239 2026 2302 cst,

319 2322 492 2390 possit
524 2318 668 2376 ratio
691 2320 871 2391 reddi,
897 2339 1006 2390 quo
1022 2328 1191 2391 pacto
1213 2326 1318 2377 cet.
1342 2339 1516 2392 comp.
1540 2338 1612 2376 111
1636 2327 1738 2377 258
1763 2324 1821 2376 et
1844 2337 1907 2375 1v
1925 2324 2027 2379 572

319 2424 443 2463 cum
479 2423 503 2462 1
539 2413 637 2467 571
678 2411 737 2463 et
771 2424 819 2465 11
859 2412 971 2467 179.
1042 2408 1439 2475 LachmannuS,
1487 2424 1651 2462 versu
1698 2414 1814 2473 568,
1862 2423 2026 2476 quem

322 2493 605 2549 Bentleius
640 2494 815 2549 deleri
850 2494 1038 2563 voluit,
1073 2494 1413 2564 ineptissime
1448 2498 1575 2562 post
1610 2499 1712 2549 585
1748 2493 2025 2560 collocate,

318 2578 625 2633 mirabilem
680 2578 822 2634 hanc
872 2581 1201 2635 sententiam
1253 2583 1452 2650 poetae
1507 2579 1754 2648 adfingit,
1811 2579 2025 2647 omnia,

315 2681 460 2730 quae
505 2666 704 2720 mollia
749 2667 1095 2733 redduntur,
1132 2665 1331 2720 mollia
1366 2664 1535 2720 reddi
1566 2670 1820 2734 possunt.
1890 2665 2026 2719 Ber-

317 2749 548 2818 naysius,
597 2753 693 2821 qui
728 2753 829 2807 leci
868 2753 1197 2807 sententia-m
1240 2753 1396 2821 vidit,
1431 2757 1619 2808 tamen
1648 2753 1881 2824 'possint
1917 2770 2026 2808 ser-

319 2835 480 2890 vavit.

422 2927 525 2979 578
596 2934 871 2983 QUAEQUE
902 2923 1044 2979 libri.
1113 2926 1397 2992 quaedam
1429 2923 1823 2993 LachmannuS,
1858 2941 2024 2994 quem

317 3007 475 3075 sequi
499 3007 661 3063 nolui.

423 3100 525 3150 593
551 3098 609 3150 et
627 3099 728 3154 597
791 3097 1016 3165 possint
1038 3113 1141 3167 pro
1164 3107 1418 3151 POSSENT
1439 3098 1745 3153 necessario
1781 3098 2023 3152 scriben-

317 3179 453 3237 dum
477 3183 626 3240 duxi.
649 3184 719 3239 cf.
743 3184 816 3241 ad
846 3190 966 3239 566.
