2259 3442
225 74 338 134 114
783 118 796 127 .
1000 74 1147 131 IIII

216 183 389 237 totius
424 199 670 236 umorem
704 185 980 237 saccatum
1016 182 1245 251 corpori'
1279 182 1533 250 fundunt,

216 275 342 313 cum
378 258 707 328 Babylonica
738 258 1026 326 magnifico
1062 259 1354 327 splendore
1386 258 1652 327 rigantur.

217 339 336 389 tum
369 335 566 403 quibus
601 333 801 388 aetatis
835 334 981 388 freta
1015 336 1270 404 primitus
1304 335 1612 389 insinuatur
1816 349 1916 391 10oe

216 429 417 479 semen,
455 411 550 465 ubi
585 412 704 481 ipsa
739 411 858 464 dies
892 411 1154 465 membris
1188 416 1406 466 matura
1441 413 1661 480 creavit,

215 489 543 542 conveniunt
580 488 869 542 simulacra
904 488 1036 541 foris
1072 505 1104 543 e
1139 505 1369 559 corpore
1405 505 1625 559 quoque

216 565 407 618 nuntia
442 565 704 634 praeclari
743 565 923 619 voltus
957 565 1282 635 pulchrique
1315 566 1524 635 eoloris,

215 641 309 709 qui
342 641 452 694 ciet
487 641 720 695 inritans
755 640 873 695 loca
910 642 1134 710 turgida
1170 642 1377 697 semino
1410 644 1601 712 multe,

212 721 277 771 ut
300 717 458 785 quasi
480 718 772 772 transactis
797 735 962 788 saepe
987 719 1223 772 omnibu'
1248 719 1400 773 rebu'
1427 719 1765 789 profundant
1821 733 1915 774 1005

213 792 447 847 fluminis
484 795 723 863 ingentis
758 795 958 850 fluctus
992 799 1315 865 vestemque
1350 800 1655 851 cruentent.

283 870 622 926 Sollicitatur
657 872 717 926 id
754 873 820 926 in
855 872 1025 938 nobiS,
1062 872 1211 941 quod
1247 872 1486 926 diximus
1520 876 1664 941 ante,

212 963 414 1014 semen,
450 947 640 1002 adulta
675 951 830 1002 aetas
865 966 990 1003 cum
1027 949 1267 1019 primum
1303 949 1529 1003 roborat
1562 952 1729 1003 artus.

212 1035 445 1093 namque
480 1024 616 1079 alias
651 1026 801 1079 aliud
835 1043 924 1079 res
960 1029 1266 1085 commovet
1300 1028 1470 1094 atquo
1505 1025 1753 1091 lacessit3

211 1118 282 1155 cx
304 1099 524 1155 homine
547 1102 843 1156 humanum
868 1118 1053 1156 semen
1090 1102 1201 1156 ciet
1224 1118 1334 1155 una
1356 1101 1591 1155 hominis
1611 1103 1709 1156 vis.
1820 1114 1918 1156 101⁰

212 1178 361 1245 quod
395 1177 556 1232 simul
592 1182 758 1249 atque
793 1178 906 1231 suis
940 1178 1179 1232 eiectum
1215 1178 1439 1232 sedibus
1475 1179 1608 1244 exit,

210 1270 312 1323 per
344 1253 591 1307 membra
624 1260 791 1324 atque
826 1258 980 1308 artus
1015 1254 1240 1308 decedit
1275 1271 1504 1322 corpore
1538 1257 1659 1308 toto
1730 1299 1735 1303 .

211 1330 270 1382 in
304 1331 422 1384 loca
456 1332 781 1384 conveniens
818 1347 1109 1384 nervorum
1146 1335 1301 1385 certa
1333 1332 1554 1399 cietque

212 1407 467 1460 continuo
502 1407 675 1475 partis
709 1406 965 1473 genitalis
1000 1407 1241 1475 corporis
1277 1408 1439 1476 ipsas.

213 1482 440 1536 inritata
476 1485 694 1536 tument
730 1481 848 1535 loca
883 1482 1090 1537 semine
1126 1482 1303 1552 fitque
1338 1483 1591 1536 voluntas
1818 1493 1916 1532 1045

213 1558 392 1611 cicere
428 1558 487 1611 id
523 1575 632 1626 quo
669 1575 729 1612 se
765 1558 1053 1612 contendit
1090 1559 1213 1612 dira
1248 1558 1454 1626 lubido,

210 1634 380 1703 idque
416 1633 561 1703 petit
597 1651 809 1702 corpus,
846 1650 1001 1688 mens
1036 1634 1185 1687 unde
1221 1639 1307 1689 est
1343 1636 1529 1688 saucia
1562 1650 1761 1688 amore.

212 1727 448 1780 namque
484 1728 672 1764 omnes
707 1711 1031 1780 plerumque
1066 1711 1275 1766 cadunt
1309 1712 1367 1765 in
1401 1712 1599 1766 vulnus
1634 1714 1694 1765 et
1725 1710 1874 1763 illam

213 1788 410 1865 emicat
445 1787 501 1841 in
536 1792 751 1857 partem
787 1788 1006 1856 sanguis
1039 1788 1190 1842 unde
1222 1788 1419 1843 icimur
1453 1789 1583 1856 ictu,
1822 1800 1917 1840 1050

214 1868 272 1918 ot
309 1865 353 1917 si
388 1866 686 1919 comminus
723 1867 824 1932 est,
862 1864 1074 1918 hostem
1110 1865 1279 1918 ruber
1313 1868 1546 1933 occupat
1579 1879 1750 1918 umor.

213 1941 292 1995 sic
326 1941 497 2009 igitur
534 1940 767 1995 Veneris
804 1942 897 2009 qui
931 1942 1060 1995 telis
1096 1941 1293 2009 accipit
1329 1941 1487 2008 ictus,

213 2018 329 2072 sivo
363 2034 502 2087 puer
536 2019 797 2072 membris
832 2018 1190 2072 muliebribus
1225 2017 1372 2071 huuc
1405 2017 1680 2072 iaculatur

215 2112 311 2149 seu
346 2095 542 2148 mulier
575 2098 697 2148 toto
733 2094 943 2147 iactans
977 2111 1009 2147 c
1045 2110 1275 2162 corpore
1310 2110 1570 2161 amorem,

213 2171 361 2224 unde
395 2171 608 2239 feritur,
646 2187 711 2224 eo
746 2170 928 2224 tondit
963 2170 1243 2238 gestitque
1279 2169 1425 2223 coire
1820 2181 1917 2222 1055

214 2251 274 2302 ct
309 2248 487 2301 iacere
523 2264 769 2300 umorem
804 2247 861 2299 in
897 2263 1094 2315 corpus
1132 2247 1202 2300 de
1237 2263 1466 2315 corpore
1502 2246 1745 2300 ductum.

213 2340 450 2392 namque
484 2324 821 2392 voluptatem
854 2323 1134 2391 praesagit
1167 2325 1321 2376 muta
1355 2322 1570 2392 cupidO.

285 2401 439 2453 Ilaec
463 2400 650 2453 Venus
675 2403 760 2453 est
783 2398 972 2464 nobis;
994 2399 1120 2453 hinc
1146 2402 1384 2453 autemst
1408 2415 1604 2452 nomen
1630 2396 1846 2463 amoriS,

129 2528 136 2534 .
214 2476 340 2531 hinc
371 2476 526 2530 illaec
561 2478 799 2546 primum
834 2476 1069 2530 Veneris
1103 2475 1409 2530 dulcedinis
1442 2475 1501 2529 in
1535 2491 1633 2529 cor

214 2553 440 2608 stillavit
473 2556 639 2622 gutta
672 2556 732 2607 et
767 2553 1028 2607 successit
1061 2553 1265 2620 frigida
1300 2568 1444 2606 cura.
1822 2562 1919 2602 1000

216 2647 343 2683 nam
368 2630 412 2683 si
436 2630 593 2684 abest
616 2629 767 2699 quod
790 2646 931 2698 aves,
957 2634 1179 2699 praesto
1204 2628 1488 2685 simulacra
1512 2629 1700 2680 tamen
1725 2626 1853 2679 suut

215 2705 361 2760 illius
396 2709 455 2759 et
489 2723 688 2761 nomen
723 2707 883 2760 dulce
919 2706 1242 2760 obversatur
1275 2705 1347 2758 ad
1382 2704 1545 2759 auris.

218 2781 317 2835 sed
352 2781 592 2849 fugitare
628 2784 790 2838 decet
826 2784 1115 2838 simulacra
1153 2786 1212 2838 ct
1245 2781 1446 2852 pabula
1481 2779 1682 2834 amoris

217 2857 528 2910 absterrere
565 2860 669 2913 sibi
704 2864 873 2928 atque
908 2860 1013 2913 alio
1048 2864 1371 2913 convertere
1405 2859 1649 2910 montem

217 2935 278 2986 ct
312 2932 491 2986 iacere
524 2951 772 2990 umorem
808 2936 1113 2990 conlectum
1150 2935 1207 2987 in
1245 2949 1474 3003 corpora
1510 2945 1759 3001 quaeque
1822 2940 1919 2982 10&

216 3024 320 3062 nec
354 3009 608 3078 retinere,
642 3011 810 3064 semel
846 3028 1165 3065 conversum
1201 3010 1362 3063 unius
1395 3025 1593 3075 amoro,

218 3087 277 3138 et
313 3100 531 3138 servare
566 3086 667 3139 sibi
703 3103 890 3141 curam
927 3090 1249 3152 certumque
1285 3085 1543 3138 dolorem.

215 3159 371 3213 ”hus
404 3159 551 3213 enim
585 3160 814 3215 vivescit
849 3164 908 3215 et
942 3160 1294 3215 inveterascit
1328 3159 1526 3213 alendo
