2259 3442
339 94 366 150 1
378 92 452 150 60
1156 89 1253 146 VI

334 212 443 265 quo
477 195 651 262 magis
685 198 935 248 errantes
969 210 1131 247 caeca
1167 194 1377 247 ratione
1411 193 1677 247 feruntur.

335 288 477 341 quae
511 271 613 324 nisi
648 271 859 339 respuis
896 287 963 324 ex
1000 270 1178 323 animo
1215 269 1483 337 longeque
1517 268 1759 324 remittis

335 349 421 402 dis
452 347 678 415 indigna
711 350 908 415 putare
942 347 1226 414 alienaque
1259 347 1408 414 pacis
1444 361 1693 413 eorum„-

334 425 577 480 delibata
611 424 776 477 deum
810 441 910 492 per
944 428 1002 477 te
1036 423 1142 477 tibi
1177 422 1400 476 numina
1437 425 1625 477 sancta
2024 440 2087 481 70

335 518 496 571 saepe
532 500 796 564 oberunt3
830 517 938 553 non
974 517 1081 569 quo
1117 500 1306 553 violari
1343 516 1555 553 summa
1589 500 1753 553 deum
1792 499 1882 553 vis

334 578 524 648 possit,
560 581 624 631 ut
658 592 727 629 ex
763 576 846 629 ira
879 593 1082 645 poenas
1117 580 1309 644 petere
1344 575 1556 631 inbibat
1590 576 1744 643 acris,

335 654 436 708 sed
470 653 599 722 quia
632 656 755 705 tute
792 652 893 705 tibi
928 651 1146 721 placida
1180 669 1304 706 cum
1338 669 1473 721 pace
1508 653 1724 721 quietos

335 730 633 784 constitues
668 745 892 796 magnos
926 730 1132 782 irarum
1168 728 1385 782 volvere
1421 729 1634 796 fluctuS,

333 822 434 860 nec
470 804 696 859 delubra
731 805 896 859 deum
931 805 1148 874 placido
1183 822 1308 858 cum
1343 808 1565 874 pectore
1599 804 1793 871 adibis,
2005 820 2067 861 75

334 899 434 936 nec
470 882 540 936 de
575 898 801 951 corpore
836 899 974 949 quac
1010 885 1199 936 sancto
1236 880 1524 935 simulacra
1556 882 1810 935 feruntur

332 959 389 1012 in
424 962 637 1013 mentes
672 958 952 1012 hominum
990 959 1205 1012 divinae
1240 958 1429 1011 nuntia
1462 958 1685 1023 formae,

334 1037 612 1106 suscipere
647 1036 780 1089 haec
816 1035 981 1089 animi
1017 1034 1308 1104 tranquilla
1341 1052 1477 1103 pace
1511 1035 1731 1108 valebis:

332 1112 463 1166 inde
498 1112 688 1165 videre
723 1113 852 1166 licet
887 1112 1059 1180 qualis
1094 1112 1204 1164 iam
1240 1112 1354 1164 vita
1389 1114 1661 1179 sequatur.
1691 1111 1719 1121 ⁸

333 1206 497 1257 quam
532 1189 754 1256 quidem
790 1192 854 1242 ut
888 1205 922 1242 a
955 1188 1110 1242 nobis
1146 1188 1287 1241 ratio
1321 1187 1603 1241 verissima
1635 1188 1795 1256 longe
1991 1203 2055 1243 so

331 1265 537 1333 reiciat,
573 1282 900 1334 quamquam
938 1268 1062 1319 sunt
1097 1281 1130 1318 a
1164 1281 1254 1317 me
1288 1264 1461 1318 multa
1492 1265 1754 1334 profecta,

334 1341 507 1394 multa
539 1346 724 1395 tamen
758 1345 971 1395 restant
1006 1345 1064 1395 ct
1099 1344 1229 1395 sunt
1263 1342 1504 1395 ornanda
1539 1342 1721 1411 politis

335 1417 608 1482 versibus;
645 1421 731 1471 est
765 1418 907 1471 ratio
944 1418 1080 1471 caeli
1114 1418 1427 1485 speciesque
1462 1418 1716 1485 tenenda,

333 1498 461 1545 suut
495 1496 852 1560 tempestates
888 1497 946 1547 et
978 1494 1207 1546 fulmina
1241 1494 1387 1548 clara
1421 1495 1676 1563 canenda,

331 1568 465 1636 quid
498 1567 702 1622 faciant
737 1571 795 1621 et
830 1585 937 1636 qua
953 1569 1041 1623 «ΑΘ
1076 1586 1239 1622 causa
1274 1587 1504 1640 cumque
1538 1571 1783 1623 ferantur
1797 1589 1812 1634 ;
1986 1587 2045 1625 85

332 1661 400 1697 ne
436 1643 681 1713 trepides
716 1645 851 1699 caeli
887 1645 1072 1699 divisis
1107 1646 1357 1715 partibus
1392 1664 1593 1715 amens»,

331 1721 476 1774 unde
511 1720 698 1775 volans
733 1721 875 1790 ignis
908 1723 1220 1791 pervenerit
1255 1725 1352 1777 aut
1385 1723 1441 1776 in
1476 1727 1657 1777 utram
1694 1740 1754 1777 se

332 1798 563 1852 verterit
599 1798 723 1853 hinc
758 1799 977 1868 partim,
1015 1816 1121 1868 quo
1159 1803 1322 1868 pacto
1356 1816 1459 1867 per
1495 1799 1613 1853 loca
1648 1802 1843 1869 saepta

330 1874 630 1944 insinuarit,
665 1878 724 1930 et
757 1875 881 1929 hinc
917 1876 1227 1929 dominatus
1261 1878 1325 1929 ut
1360 1875 1620 1930 extulerit
1654 1892 1731 1931 se.

332 1975 535 2012 QUORUM
556 1975 752 2008 OPERUM
773 1976 954 2009 CAUSAS
972 1976 1137 2008 NULLA
1156 1975 1367 2007 RATIONE
1386 1976 1568 2008 VIDERE
1984 1977 2036 2017 m

332 2044 538 2077 PossUN'r
557 2044 618 2077 Ao
638 2045 771 2077 FIERI
793 2044 964 2078 DIVINO
985 2044 1178 2076 NUMINF.
1200 2044 1404 2077 RENTUR.

330 2109 395 2159 tu
430 2106 563 2159 mihi
600 2123 886 2177 supremae
922 2106 1259 2177 praescribta
1294 2107 1366 2160 ad
1401 2106 1634 2161 candida
1668 2107 1831 2164 calcis

331 2183 572 2237 currenti
607 2184 845 2252 spatium
881 2187 1272 2254 praemonstra,
1308 2183 1504 2238 callida
1538 2201 1693 2239 musa

333 2259 589 2328 Calliope,
625 2262 845 2329 requies
881 2260 1160 2314 hominum
1198 2261 1490 2330 divomque
1525 2260 1791 2330 voluptas,

329 2338 389 2388 te
425 2335 566 2388 duce
599 2339 665 2389 ut
700 2337 898 2405 insigni
934 2338 1147 2407 capiam
1183 2354 1306 2391 cum
1340 2338 1504 2391 laude
1539 2353 1808 2391 coronam.
1982 2351 2030 2391 95

405 2411 676 2480 Principio
710 2413 920 2466 tonitru
956 2415 1277 2480 quatiuntur
1312 2415 1527 2468 caerula
1561 2415 1696 2468 caeli

329 2491 624 2557 propterea
658 2491 785 2558 quia
819 2495 1149 2545 concurrunt
1184 2491 1413 2545 sublime
1448 2491 1694 2545 volantes

330 2565 606 2620 aetheriae
640 2567 813 2621 nubes
849 2572 1037 2623 contra
1070 2567 1425 2639 pugnantibu’
1459 2567 1655 2621 ventis,

331 2658 431 2695 nec
468 2643 533 2697 fit
568 2644 712 2697 enim
748 2645 956 2698 sonitus
991 2645 1126 2700 caeli
1163 2644 1235 2699 de
1268 2648 1428 2714 parte
1463 2660 1669 2709 serena,

332 2735 519 2773 verum
543 2720 870 2791 ubicumque
892 2724 1065 2791 magis
1090 2723 1260 2775 denso
1286 2725 1414 2774 sunt
1437 2721 1649 2789 agmine
1673 2719 1860 2785 nubes,
1959 2732 2032 2795 1⁰⁰·

331 2798 446 2848 tam
482 2799 654 2865 magis
689 2798 813 2852 hinc
848 2816 1046 2867 magno
1082 2799 1336 2853 fremitus
1372 2798 1438 2852 fit
1472 2813 1752 2850 murmure
1787 2811 1962 2864 saepe.

330 2875 618 2939 praetcrea
653 2895 833 2948 neque
867 2878 983 2930 tam
1020 2878 1295 2932 condenso
1331 2892 1560 2946 corpore
1593 2872 1767 2926 nubes

329 2963 450 3000 esse
490 2957 696 3016 queunt
732 2972 894 3023 quam
931 2958 1061 3008 sunt
1094 2956 1308 3024 lapides
1342 2972 1405 3008 ac
1438 2954 1607 3021 tigna,
1636 2965 1814 3018 neque
1845 2948 2026 3002 autem

330 3026 444 3074 tam
483 3027 675 3081 tenues
713 3047 876 3097 quam
912 3034 1041 3083 sunt
1076 3031 1308 3084 nebulae
1342 3029 1588 3096 fumique
1622 3025 1881 3078 volantes.

331 3112 456 3149 nam
492 3101 689 3156 cadere
724 3108 821 3157 aut
856 3104 1020 3159 bruto
1056 3105 1326 3158 deberent
1359 3104 1602 3172 pondere
1636 3115 1862 3170 pressae
1958 3113 2026 3151 105

329 3173 394 3223 ’it
429 3172 654 3240 lapides
691 3183 787 3231 aut
822 3183 885 3232 ut
921 3182 1102 3232 fumus
1138 3184 1388 3233 constare
1425 3180 1715 3244 nequirent
