2259 3442
180 1981 226 2014 5⁷
226 1982 247 2014 3

182 2047 248 2081 57⁰

184 2206 227 2238 57
230 2207 251 2238 2

184 2284 249 2317 575

1090 91 1152 146 V
1852 91 1964 148 135

261 198 430 251 allata
463 198 632 265 atque
666 194 815 249 auris
849 193 1072 261 aliunde
1107 193 1326 248 obiecta
1359 194 1565 260 alienis,

263 274 363 328 sed
395 273 604 341 pariter
638 272 817 339 prima
851 274 1114 340 concepta
1149 271 1220 325 ab
1255 271 1465 340 origine
1498 269 1687 326 mundi

262 355 523 419 certaque
556 366 685 418 pars
720 349 850 414 eim,
886 349 1042 416 quasi
1078 349 1234 402 nobis
1269 349 1516 402 membra
1549 347 1819 402 videntur.

263 431 553 498 praeterea
586 425 783 494 grandi
818 426 1031 479 tonitru
1067 443 1326 481 concussa
1360 429 1589 495 repente
1896 434 1970 473 55⁰

264 508 413 559 terra
447 520 612 573 supra
648 519 791 573 quae
826 519 886 556 se
924 505 1053 556 sunt
1088 504 1332 559 concutit
1369 504 1550 558 omnia
1584 507 1770 567 motu3

265 581 414 650 quod
448 580 630 634 facere
665 580 802 632 haut
836 578 949 633 ulla
981 583 1171 648 posset
1205 580 1433 649 ratione,
1467 580 1572 634 nisi
1606 582 1757 635 essct

261 656 512 726 partibus
547 656 716 710 aeriis
751 656 942 709 mundi
976 656 1236 725 caeloque
1269 657 1528 712 revincta.

265 751 392 787 nam
426 733 804 798 communibus
839 734 988 788 inter
1022 750 1083 788 se
1117 734 1397 789 radicibus
1432 734 1666 788 haerent

264 828 333 864 cx
369 811 592 865 ineunte
627 827 761 864 aevo
797 812 1081 865 coniuncta
1114 814 1284 880 atque
1319 811 1502 865 uniter
1535 814 1680 879 apta.
1897 820 1972 860 555

264 904 445 941 nonne
479 888 638 956 vides
670 888 837 941 etiam
873 904 1039 957 quam
1072 905 1270 955 magno
1305 887 1549 957 pondere
1582 887 1741 941 nobis

266 965 533 1017 sustineat
569 981 766 1032 corpus
802 964 1121 1017 tenuissima
1155 965 1239 1018 vis
1273 963 1471 1017 animai

266 1044 560 1108 propterca
596 1040 726 1108 quia
761 1042 876 1092 tam
910 1040 1198 1093 coniuncta
1233 1043 1404 1108 atque
1436 1039 1620 1092 uniter
1652 1042 1784 1105 apta
1817 1040 1938 1092 cst‘l

268 1115 505 1182 denique
541 1115 651 1168 iam
686 1115 830 1180 saltu
865 1115 1073 1183 pernici
1108 1116 1304 1169 tollere
1338 1131 1534 1183 corpus

268 1190 404 1260 quid
422 1191 564 1259 potis
583 1195 669 1244 est
686 1190 791 1244 nisi
810 1190 893 1243 vis
911 1191 1076 1244 animi
1096 1208 1238 1260 quae
1257 1191 1504 1244 membra
1520 1189 1826 1259 gubernat?
1901 1204 1975 1243 550

267 1267 446 1320 iamne
481 1266 637 1321 vides
672 1271 937 1336 quantum
973 1269 1156 1321 tenuis
1190 1270 1387 1322 natura
1421 1268 1604 1321 valere

267 1343 458 1412 possit,
495 1342 588 1396 ubi
625 1347 712 1397 est
747 1344 1033 1397 coniuncta
1066 1343 1222 1411 gravi
1258 1360 1383 1398 cum
1418 1360 1660 1413 corpore,
1693 1345 1759 1397 ut
1794 1359 1891 1396 acr

267 1420 586 1474 coniunctus
621 1421 788 1474 terris
824 1423 883 1474 et
916 1419 1073 1473 nobis
1108 1424 1197 1475 est
1232 1419 1396 1474 animi
1430 1420 1546 1475 vis?

339 1496 390 1549 N
396 1513 459 1550 ec
493 1496 660 1550 nimio
697 1497 824 1550 solis
860 1496 1033 1550 maior
1067 1500 1192 1551 rota
1229 1513 1330 1552 nec
1364 1497 1544 1551 minor
1576 1496 1743 1550 ardor

270 1590 392 1628 csse
426 1576 626 1643 potest,
662 1574 865 1627 nostris
902 1590 1066 1641 quam
1102 1573 1352 1629 sensibus
1387 1590 1509 1628 esse
1544 1572 1777 1628 videtur.
1904 1586 1976 1624 565

272 1666 398 1703 nam
436 1650 635 1719 quibus
670 1667 701 1704 e
737 1650 926 1718 spatiis
962 1667 1197 1719 cumque
1233 1651 1390 1717 ignes
1424 1650 1630 1704 lumina
1663 1652 1892 1718 possunt

273 1726 492 1779 adicere
530 1729 588 1779 et
623 1726 859 1779 calidum
896 1725 1158 1779 membris
1192 1726 1400 1781 adflare
1435 1742 1707 1796 vaporem,

272 1802 348 1854 nil
383 1801 476 1854 illa
510 1802 596 1855 his
632 1801 934 1855 intervallis
970 1802 1041 1855 de
1078 1819 1314 1869 corpore,
1339 1801 1512 1856 libant

273 1878 630 1945 flammarum,
666 1877 743 1930 nil
781 1876 854 1929 ad
891 1876 1129 1944 speciem
1167 1881 1254 1931 cst
1289 1878 1619 1931 contractior
1653 1878 1809 1945 ignis,

273 1953 517 2022 proinde,
553 1953 700 2006 calor
737 1953 1014 2021 quoniam*
1034 1953 1163 2006 solis
1199 1953 1493 2021 lumenque
1528 1952 1811 2021 profusum
1908 1966 1985 2007 570

272 2030 604 2098 perveniunt,
634 2031 852 2082 nostros
888 2028 961 2082 ad
996 2045 1186 2083 sensus
1224 2033 1283 2083 ct
1318 2030 1436 2083 loca
1470 2030 1726 2097 mulcent,

273 2107 448 2160 forma
484 2123 702 2176 quoquc
736 2105 863 2160 hinc
898 2105 1026 2158 solis
1063 2105 1232 2159 debct
1267 2106 1532 2174 filumque
1566 2104 1757 2172 videri,

275 2182 352 2236 nil
388 2182 526 2236 adeo
561 2186 627 2237 ut
661 2182 836 2252 possis
871 2181 995 2251 plus
1032 2186 1131 2235 aut
1168 2182 1346 2235 minus
1382 2181 1606 2244 addere,
1641 2197 1785 2236 vere.

274 2259 511 2328 lunaque
546 2260 662 2314 sive
695 2258 865 2312 notho
898 2258 1077 2312 fertur
1113 2258 1232 2312 loca
1264 2258 1470 2312 lumine
1505 2257 1746 2312 lustrans
1913 2271 1987 2312 575

276 2336 389 2389 sivo
426 2353 577 2389 suam
612 2336 833 2405 proprio
867 2336 1037 2390 iactat
1074 2336 1146 2389 de
1182 2352 1408 2403 corpore
1444 2335 1636 2402 lucem,
1892 2352 1896 2356 ·

276 2411 544 2480 quidquid
578 2412 637 2465 id
671 2417 771 2480 est,
797 2412 915 2466 ‘nilo
949 2412 1127 2467 fertur
1162 2412 1369 2465 maiore
1402 2412 1579 2480 figura

278 2504 460 2555 quam,
496 2488 698 2541 nostris
730 2487 901 2541 oculis
935 2505 1045 2557 qua
1079 2488 1365 2553 cernimus,
1403 2504 1523 2541 esse
1558 2487 1792 2542 videtur.

277 2579 403 2616 nam
438 2563 589 2631 prius
624 2563 818 2630 omnia,
854 2580 995 2631 quae
1029 2564 1190 2631 longe
1228 2567 1440 2618 semota
1476 2568 1698 2617 tuemur

279 2656 409 2693 aera
446 2656 547 2708 per
581 2638 826 2703 multum,
862 2640 1041 2706 specie
1077 2640 1304 2694 confusa
1339 2640 1599 2694 videntur
1904 2651 1980 2690 580

282 2733 447 2785 quam
482 2715 654 2768 minui
689 2714 857 2768 filum.
895 2731 1004 2782 qua
1038 2720 1266 2784 propter
1300 2717 1430 2770 luna
1464 2731 1688 2770 necesse
1724 2716 1825 2782 est,

283 2790 731 2862 quandoquidem
767 2789 969 2844 claram
1008 2791 1245 2859 speciem
1281 2796 1599 2861 certamque
1636 2792 1870 2859 figuram

281 2868 525 2938 praebet,
566 2870 628 2921 ut
664 2870 753 2921 cst
788 2867 897 2921 oris
933 2867 1198 2922 extremis
1231 2885 1463 2937 cumque
1497 2871 1689 2922 notata

283 2949 599 3015 quantaque
636 2947 897 3014 quantast
930 2944 1056 2997 hinc
1089 2943 1246 2997 nobis
1281 2944 1536 2999 videatur
1570 2944 1628 2998 in
1663 2944 1790 3000 alto.

282 3024 560 3089 postremo
598 3037 967 3091 quoscumque
1003 3020 1158 3074 vides
1191 3020 1319 3074 hinc
1354 3021 1594 3075 aetheris
1630 3021 1813 3090 ignes·
1801 3063 1813 3086 ,
1917 3035 1991 3073 583

283 3096 736 3177 quandoquidem
762 3113 1138 3167 quoscumque
1173 3097 1230 3151 in
1266 3098 1431 3152 terris
1467 3099 1740 3153 cernimus
1777 3098 1950 3164 Manes

284 3172 416 3226 dum
453 3176 661 3227 tremor
693 3165 771 3229 ebt
806 3174 1000 3245 clarus,
1034 3173 1168 3229 dum
1204 3175 1448 3229 cernitur
1482 3176 1650 3229 ardor
1684 3192 1891 3243 corum,
