2259 3442
1116 102 1226 161 ΠΙ
1932 106 2011 164 73

312 225 411 266 cur
444 212 637 266 eadem
672 213 851 268 credis
887 210 1003 263 sine
1036 223 1266 276 corpore
1299 205 1358 260 in
1393 223 1522 261 aere
1556 210 1748 274 aperto

312 304 436 342 cum
471 287 667 342 validis
701 288 879 343 ventis
916 287 1157 339 aetatem
1193 282 1396 350 degere
1431 299 1592 350 posse
1606 285 1626 337 Ἰ

313 366 372 418 et
407 364 661 432 quoniam
695 367 938 418 mentem
974 360 1169 427 sanari,
1207 376 1403 427 corpus
1437 362 1502 413 ut
1536 377 1777 427 aegrum,
1939 375 2015 413 510

313 440 584 493 cernimus
619 443 677 494 et
711 440 857 494 flecti
893 437 1161 491 medicina
1195 451 1356 506 posse
1392 436 1656 505 videmus,

313 515 375 569 id
409 531 625 585 quoque
658 515 935 586 praesagit
969 513 1259 567 mortalem
1295 512 1480 567 vivere
1514 515 1769 566 mentem.

315 591 522 646 addere
556 593 700 647 enim
734 593 907 662 partis
942 593 1040 644 aut
1076 589 1266 643 ordine
1302 589 1567 644 traiecere
1600 590 1850 642 aecumst

314 671 410 722 aut
444 667 651 736 aliquid
686 685 907 737 prosum
943 667 1015 721 de
1052 682 1263 719 summa
1296 665 1590 719 detrahere
1623 665 1810 732 hilum,

313 748 650 798 commutare
683 746 923 799 animum
959 743 1286 813 quicumque
1324 742 1573 796 adoritur
1607 746 1666 796 et
1700 741 1824 796 infit
1939 755 2014 793 515

315 823 412 874 aut
446 820 607 874 aliam
642 821 888 890 quamvis
923 824 1176 873 naturam
1211 817 1436 872 flectere
1472 818 1702 885 quaerit.

316 899 377 950 at
412 913 591 965 neque
625 897 910 951 transferri
946 895 1049 949 sibi
1083 895 1260 963 partis
1294 912 1395 948 nec
1430 893 1602 949 tribui
1635 893 1754 948 vult

313 972 603 1027 inmortale
638 973 786 1041 quod
821 975 907 1026 est
943 971 1232 1041 quicquam
1267 987 1446 1039 neque
1481 969 1724 1025 defluere
1758 969 1942 1022 hilum.

295 1038 443 1107 lnam
479 1048 859 1116 quodcumque
895 1048 1006 1100 suis
1039 1049 1313 1100 mutatum
1352 1046 1549 1100 finibus
1585 1046 1715 1112 exit,

293 1124 573 1179 ¹oontinuo
609 1123 710 1176 hoc
745 1140 891 1176 mors
925 1127 1011 1177 est
1046 1122 1192 1175 illius
1226 1122 1374 1190 quod
1409 1122 1516 1176 fuit
1550 1124 1693 1175 ante.
1938 1135 2014 1172 520

318 1215 448 1267 crgo
483 1198 693 1252 animus
729 1199 840 1252 sive
875 1198 1160 1266 aegrescit,
1195 1198 1447 1253 mortalia
1481 1198 1636 1266 signa

318 1274 507 1343 mittit,
545 1274 629 1328 uti
665 1273 838 1342 docui,
875 1290 970 1328 seu
1008 1273 1251 1327 flectitur
1285 1290 1319 1326 a
1352 1273 1633 1328 medicina.

320 1366 493 1419 usque
527 1350 668 1404 adeo
703 1349 872 1403 falsae
907 1350 1101 1404 rationi
1138 1366 1268 1403 vera
1301 1350 1523 1404 videtur

319 1444 407 1480 res
442 1443 727 1482 occurrere
762 1430 822 1481 et
856 1426 1113 1495 effugium
1148 1426 1502 1495 praecludero
1536 1426 1689 1481 eunti

318 1503 649 1572 ancipitique
684 1501 928 1557 refutatu
963 1503 1282 1558 convincere
1318 1504 1525 1558 falsum.
1942 1519 2015 1558 525

389 1579 641 1647 Denique
677 1595 840 1648 saepo
876 1580 1151 1647 hominem
1186 1581 1448 1649 paulatim
1484 1580 1756 1635 cernimus
1788 1580 1869 1634 ire

320 1658 379 1709 et
413 1655 760 1710 membratim
796 1655 1016 1709 vitalem
1044 1655 1362 1724 >deperdere
1399 1673 1645 1722 sensum3
1790 1648 1867 1663 μ

317 1731 374 1784 in
409 1731 642 1799 pedibus
677 1731 914 1800 primum
951 1732 1155 1799 digitos
1190 1731 1449 1787 livescere
1484 1737 1543 1787 et
1577 1733 1785 1801 unguis,

316 1807 447 1860 inde
480 1808 653 1876 pedes
687 1810 747 1861 et
780 1824 940 1861 crura
973 1813 1127 1875 mori,
1164 1812 1289 1878 post
1322 1808 1451 1862 inde
1486 1825 1587 1876 per
1619 1812 1774 1862 artus

316 1883 400 1936 ire
435 1883 569 1937 alios
602 1884 823 1937 tractim
858 1883 1027 1950 gelidi
1063 1885 1294 1951 vestigia
1326 1885 1439 1938 leti.
1943 1899 2017 1938 530

319 1956 588 2013 scinditur
622 1960 775 2027 itque
812 1959 1025 2012 animae
1061 1958 1164 2012 hoc
1201 1959 1457 2028 quoniam
1491 1961 1689 2014 natura
1706 1976 1823 2014 ·nec
1855 1977 1964 2013 uno

319 2039 566 2102 tempore
605 2034 816 2088 sincera
851 2034 1056 2101 existit,
1092 2035 1340 2089 mortalis
1374 2034 1696 2089 habendast.

320 2111 470 2179 quod
504 2111 548 2164 si
586 2111 728 2164 forto
762 2114 927 2179 putas
960 2111 1132 2178 ipsam
1173 2127 1232 2164 sc
1266 2128 1425 2181 posse
1458 2126 1560 2180 per
1593 2114 1746 2165 artus

320 2187 587 2240 introsum
623 2187 844 2242 trahere
880 2191 939 2242 et
972 2188 1148 2257 partis
1184 2187 1484 2243 conducere
1519 2187 1577 2241 in
1612 2204 1777 2241 unum

318 2266 485 2332 atque
519 2263 645 2317 ideo
680 2265 889 2319 cunctis
926 2280 1145 2318 sensum
1183 2264 1457 2319 deducere
1493 2264 1769 2331 membris,
1947 2279 2020 2318 535

319 2342 380 2393 at
413 2340 564 2394 locus
599 2341 691 2395 ille
726 2344 927 2408 tamen,
967 2357 1076 2411 quo
1111 2342 1268 2410 copia
1301 2345 1456 2396 tanta
1488 2341 1685 2395 animai

322 2416 549 2484 cogitur,
586 2416 643 2470 in
681 2432 840 2471 sensu
876 2418 1045 2472 debet
1079 2418 1287 2473 maiore
1321 2418 1528 2483 videri3

321 2492 417 2561 qui
452 2492 707 2560 quoniam
742 2498 1078 2561 nusquamst,
1114 2494 1370 2549 nimirum
1410 2497 1471 2548 ut
1506 2494 1745 2547 diximus
1778 2499 1924 2561 ante,

320 2565 586 2620 dilaniata
620 2568 766 2620 foras
804 2567 1157 2637 dispargitur,
1192 2571 1382 2624 interit
1418 2586 1564 2638 ergo.

320 2643 453 2711 quin
490 2643 655 2696 etiam
693 2643 739 2696 si
774 2643 882 2696 iam
920 2644 1091 2698 libeat
1127 2646 1427 2699 concedere
1462 2645 1658 2697 falsum
1949 2657 2022 2697 540

285 2768 291 2774 .
320 2722 379 2772 ct
416 2720 550 2772 dare
583 2735 741 2786 posse
777 2720 1011 2772 animam
1049 2718 1342 2788 glomerari
1377 2721 1435 2773 in
1471 2736 1698 2787 corpore
1731 2733 1935 2786 eorum,
1999 2718 2012 2736 ⁸

317 2793 527 2848 lumina
561 2794 656 2863 qui
691 2793 899 2848 lincunt
933 2796 1245 2849 moribundi
1282 2795 1667 2865 particulatim,

322 2870 607 2923 mortalem
642 2874 829 2924 tamen
866 2886 987 2923 esse
1023 2872 1259 2925 animam
1296 2872 1505 2926 fateare
1542 2887 1779 2937 necesse,

318 2962 420 2999 nec
455 2944 626 2999 refert
661 2950 846 3000 utrum
881 2949 1073 3015 pereat
1108 2946 1355 3016 dispersa
1388 2964 1488 3016 per
1522 2963 1682 3001 auras

320 3038 390 3074 an
424 3025 702 3077 contracta
737 3023 849 3076 suis
884 3039 917 3076 e
949 3021 1201 3092 partibus
1236 3023 1604 3092 obbrutescaj„
1952 3040 2023 3077 525
2044 3032 2071 3079 ἦ
2088 3030 2111 3047 ““

320 3097 540 3164 quando
563 3098 831 3153 hominem
856 3102 1036 3154 totum
1058 3101 1234 3170 magis
1257 3117 1321 3155 ac
1343 3101 1518 3170 magis
1542 3100 1786 3169 undique
1810 3116 1999 3153 sensus

322 3172 509 3227 deficit
544 3176 603 3228 ct
635 3175 782 3229 vitae
816 3176 996 3231 minus
1031 3180 1091 3232 et
1126 3177 1305 3231 minus
1339 3178 1582 3247 undique
1616 3178 1807 3230 restat.
