2259 3442
257 99 385 156 174·
1048 99 1148 155 VI

247 205 538 272 praetcrea
572 202 732 257 docui
764 202 996 257 multum
1033 218 1251 273 quoque
1284 203 1480 258 tollere
1512 204 1686 258 nubes

249 295 495 333 umorem
528 295 727 346 magno
759 280 1082 347 conceptum
1118 294 1189 331 ex
1225 294 1464 347 aequore
1499 281 1654 349 ponti

250 359 310 409 et
345 355 552 424 passim
587 358 707 409 toto
742 358 1014 407 terrariun
1050 370 1312 424 spargere
1347 355 1402 408 in
1438 355 1572 424 orbi,

253 448 378 485 cum
413 430 554 500 pluit
586 431 645 485 in
678 431 844 486 terris
879 433 939 485 et
974 431 1125 485 venti
1160 431 1351 485 nubila
1387 436 1624 500 portant.

251 511 529 576 postremo
563 507 818 577 quoniam
852 522 978 560 raro
1012 524 1137 562 cum
1173 523 1421 576 corpore.
1436 508 1602 562 tellus

253 587 355 648 est,
392 586 451 636 et
484 584 839 647 coniunctast,
875 598 999 636 oras
1032 583 1199 636 maris
1236 583 1481 651 undique
1518 584 1757 653 cingens,

254 659 441 727 debet,
474 662 539 714 ut
572 658 630 711 in
664 675 816 712 mare
852 657 926 712 de
960 659 1128 712 terris
1163 659 1313 713 venit
1329 669 1333 674 '
1348 675 1507 713 umor
1540 660 1716 727 aquai,

250 735 306 788 in
342 738 518 789 terras
552 734 745 788 itidem
782 750 1003 787 manare
1041 751 1111 788 ex
1147 742 1401 803 aequore
1417 736 1591 800 salso;

1897 453 1990 492 63⁰

252 811 562 881 percolatur
596 811 742 864 enim
777 810 925 864 virus
959 814 1219 879 retroque
1253 815 1504 866 remanat
1894 828 1978 866 635

253 888 510 942 materies
544 888 749 941 umoris
784 890 845 941 et
878 887 952 940 ad
987 891 1154 955 caput
1188 888 1438 942 amnibus
1473 888 1649 942 omnis

251 963 490 1031 confluit,
528 964 655 1018 inde
692 980 857 1033 super
892 967 1071 1018 terras
1106 963 1255 1017 redit
1289 964 1506 1031 agmine
1541 964 1687 1018 dulci

252 1056 362 1109 qua
394 1041 482 1094 via
514 1044 665 1095 secta
699 1040 868 1094 semel
902 1039 1109 1109 liquido
1145 1040 1287 1109 pede
1324 1040 1527 1094 detulit
1561 1040 1777 1110 undas]

322 1116 480 1170 Nunc
513 1117 655 1170 ratio
690 1132 832 1184 quae
866 1117 956 1184 sit,
989 1132 1091 1186 per
1124 1116 1309 1170 fauces
1341 1116 1543 1170 montis
1576 1121 1641 1169 ut
1677 1120 1897 1170 Aetnae

252 1193 507 1261 expirent
539 1193 694 1260 ignes
727 1192 1005 1246 interdum
1040 1191 1264 1246 turbine
1298 1195 1470 1260 tante,
1884 1208 1966 1246 610

254 1268 559 1338 expediam.
592 1285 773 1337 neque
808 1270 952 1323 enim
986 1268 1250 1323 mediocri
1285 1268 1442 1323 clade
1476 1273 1664 1323 coorta

254 1344 505 1398 flammea
539 1348 843 1413 tempestas
880 1344 1122 1399 Siculum
1139 1352 1145 1357 ’
1160 1344 1439 1398 dominata
1471 1362 1574 1414 per
1608 1361 1769 1414 agros

255 1419 498 1474 finitimis
534 1420 607 1474 ad
644 1437 702 1474 se
737 1421 1009 1475 convertit
1042 1419 1302 1489 gentibus
1335 1437 1446 1488 ora,

251 1495 464 1549 fumida
497 1512 619 1549 cum
656 1497 792 1550 caeli
819 1497 1126 1551 'scintillare
1162 1496 1344 1550 omnia
1378 1497 1585 1564 templa

252 1576 539 1626 cernentes
575 1572 776 1641 pavida
809 1573 1160 1641 complebant
1193 1578 1416 1641 pectora
1451 1590 1597 1639 cura,
1887 1588 1967 1628 645

254 1648 391 1717 quid
423 1648 709 1702 moliretur
742 1664 927 1702 rerum
962 1652 1163 1702 natura
1197 1665 1474 1703 novarum.

328 1724 496 1778 Hisce
531 1724 631 1778 tibi
665 1725 721 1777 in
756 1724 922 1778 rebus
956 1724 1124 1778 latest
1160 1724 1380 1792 alteque
1414 1725 1710 1780 videndum

254 1804 314 1854 et
348 1800 506 1868 longe
541 1804 764 1855 cunetas
799 1800 857 1854 in
891 1801 1066 1870 partis
1100 1801 1513 1870 dispiciendum,

251 1880 317 1930 ut
352 1876 716 1930 reminiscaris
752 1894 1018 1931 summam
1053 1894 1238 1930 rerum
1274 1894 1397 1931 esse
1431 1877 1761 1947 profundam

254 1957 313 2007 et
346 1952 533 2006 videas
568 1954 778 2007 caelum
815 1953 1043 2007 summai
1079 1953 1251 2007 totius
1287 1970 1457 2008 unum
1891 1966 1968 2006 ⁶50

254 2046 418 2098 quam
452 2030 523 2082 sit
556 2029 782 2098 parvula
816 2046 944 2098 pars
979 2033 1038 2084 ct
1072 2046 1238 2098 quam
1274 2030 1585 2084 multesima
1617 2032 1847 2083 constet

254 2122 356 2159 nec
393 2109 513 2159 tota
546 2121 688 2174 pars,
729 2104 893 2159 homo
927 2106 1096 2160 terrai
1132 2109 1302 2173 quota
1337 2107 1505 2161 totius
1540 2123 1695 2159 unus.

256 2181 404 2249 quod
437 2182 578 2236 bene
612 2183 953 2252 propositum
989 2182 1035 2237 si
1068 2183 1231 2251 plane
1266 2186 1561 2237 contueare

255 2274 319 2311 ac
354 2257 541 2311 videas
577 2258 754 2327 plane,
789 2259 975 2312 mirari
1010 2258 1186 2312 multa
1220 2259 1510 2328 relinquas.

254 2335 510 2402 numquis
544 2334 689 2387 enim
724 2338 970 2388 nostrum
1007 2335 1240 2389 miratur
1275 2334 1445 2403 siquis
1477 2335 1534 2388 in
1567 2337 1722 2388 artus
1894 2345 1969 2385 6⁵5

253 2410 464 2479 accepit
499 2408 676 2463 calido
708 2408 906 2463 febrim
941 2411 1156 2464 fervore
1191 2416 1433 2465 coortam

255 2489 353 2541 aut
388 2486 552 2539 alium
590 2485 835 2553 quemvis
870 2486 1045 2539 morbi
1081 2503 1182 2555 per
1217 2487 1464 2541 membra
1498 2485 1775 2540 dolorem?

256 2562 597 2631 opturgescit
631 2561 776 2615 enim
813 2561 995 2616 subito
1030 2579 1144 2632 pes,
1179 2563 1377 2631 arripit
1410 2579 1537 2617 acer

257 2654 422 2708 saepe
459 2639 615 2692 dolor
650 2637 860 2706 dentes,
896 2639 1080 2693 oculos
1114 2639 1328 2692 invadit
1362 2640 1418 2692 in
1452 2639 1614 2708 ipsos,

256 2715 447 2769 existit
483 2732 638 2769 sacer
670 2715 812 2782 ignis
846 2718 907 2769 et
940 2715 1053 2769 urit
1087 2714 1316 2783 corpore
1351 2731 1575 2784 serpens
1893 2726 1968 2766 ooo

258 2807 656 2861 quamcumque
692 2791 925 2859 arripuit
958 2790 1177 2859 partim,
1214 2791 1464 2859 repitque
1500 2807 1600 2860 per
1633 2793 1802 2857 artus,

257 2866 514 2919 nimirum
553 2867 684 2935 quia
718 2871 847 2921 sunt
880 2867 1178 2921 multarum
1213 2867 1421 2920 semina
1454 2882 1656 2932 rerum,

258 2945 317 2994 et
353 2942 486 2994 satis
520 2942 656 2996 haee
691 2943 856 2997 tellus
889 2942 1046 2997 nobis
1080 2942 1402 3011 caelumque
1436 2942 1566 2996 mali
1601 2943 1726 3012 fert,

257 3014 405 3068 unde
440 3019 608 3083 queat
648 3018 730 3070 vis
762 3017 1014 3071 immensi
1049 3034 1397 3086 procrescere
1431 3017 1620 3071 morbi.

256 3089 335 3142 sic
369 3089 537 3155 igitur
573 3093 675 3144 toti
707 3093 858 3146 caelo
893 3096 1187 3161 terraeque
1222 3093 1584 3161 putandumst
1726 3091 1741 3110 ⁰
1896 3105 1968 3145 086

257 3178 327 3214 ex
363 3163 574 3215 infinito
614 3165 750 3218 satis
782 3167 963 3219 omnia
996 3166 1361 3234 suppeditare,
