2259 3442
1127 108 1225 166 VI
1912 111 2020 168 161

313 229 420 268 nec
455 214 710 268 cohibere
744 213 899 267 nives
931 212 1142 281 gelidas
1177 215 1237 266 et
1271 212 1554 280 grandinis
1586 212 1792 269 imbris.

314 289 457 344 dant
492 290 675 362 etiam,
697 290 937 344 sonitum
971 290 1146 358 patuli
1180 305 1347 358 super
1381 305 1624 358 aequora
1655 291 1862 359 mundi,

313 366 574 420 carbasus
609 369 673 420 ut
708 365 983 435 quondam
1017 367 1229 434 magnis
1263 366 1481 419 intenta
1513 365 1750 424 theatris

313 441 416 496 dat
451 443 723 513 crepitum
758 442 929 496 malos
961 442 1109 496 inter
1142 442 1349 496 iactata
1381 441 1692 511 trabesque,
1952 457 2042 498 uo·

310 516 597 573 interdum
630 519 901 588 perscissa
932 518 1070 572 furit
1104 518 1482 587 petulantibus
1516 519 1666 572 auris

313 597 376 648 et
408 595 617 662 fragilis
651 597 874 649 sonitus
905 595 1222 650 chartarum
1257 594 1694 649 commeditatur.

310 669 374 724 id
406 688 621 740 quoque
656 671 800 725 enim
835 688 1009 740 genus
1043 671 1102 725 in
1137 671 1349 725 tonitru
1382 687 1709 739 cognoscere
1742 672 1938 742 possis,

310 750 410 800 aut
442 747 536 801 ubi
571 764 893 818 suspensam
926 752 1136 803 vestem
1171 748 1460 803 chartasve
1495 748 1730 803 volantis

309 823 628 878 verberibus
661 825 813 879 venti
848 828 1072 880 versant
1105 825 1484 894 planguntque
1519 841 1621 893 per
1653 841 1830 880 auras.
1950 842 2023 882 115

310 898 375 952 fit
398 917 611 969 quoque
636 902 783 955 enim
806 901 1085 956 interdum
1111 907 1177 953 ut
1200 916 1308 954 non
1332 903 1450 954 tam
1474 916 1800 957 concurrere
1822 901 1998 957 nubes

306 974 580 1029 frontibus
614 976 860 1031 adversis
896 977 1109 1046 possint
1143 992 1308 1045 quam
1344 975 1416 1029 de
1449 975 1628 1031 latere
1662 977 1746 1031 ire

308 1050 524 1105 diverso
558 1056 714 1107 motu
745 1052 1009 1106 radentes
1042 1067 1274 1120 corpora
1310 1051 1547 1118 tractim,

307 1125 496 1180 aridus
529 1128 680 1183 unde
716 1128 863 1181 auris
898 1129 1083 1196 terget
1121 1143 1286 1186 sonus
1320 1126 1413 1181 ille
1448 1126 1652 1195 diuque

308 1202 542 1271 ducitur,
579 1204 833 1258 exierunt
868 1203 1041 1257 donec
1075 1202 1394 1271 regionibus
1427 1203 1578 1258 artis.
1950 1224 2020 1262 πυ

379 1278 502 1334 Hoc
535 1280 703 1335 etiam
736 1283 900 1350 pacto
934 1280 1165 1334 tonitru·
1187 1295 1448 1334 concussa
1484 1279 1744 1335 videntur

305 1356 487 1411 omnia
523 1373 687 1426 saepe
720 1357 875 1425 gravi
908 1359 1153 1412 tremere
1187 1360 1247 1411 et
1283 1355 1493 1410 divolsa
1526 1361 1757 1426 repente

303 1431 541 1487 maxima
576 1432 877 1487 dissiluisse
912 1432 1128 1502 capacis
1164 1433 1380 1487 moenia
1412 1433 1619 1502 mundi,

303 1524 429 1563 cum
465 1508 650 1564 subito
684 1509 849 1563 validi
885 1510 1037 1563 venti
1073 1509 1321 1564 conlecta
1355 1509 1595 1578 procella

302 1585 539 1640 nubibus
572 1586 796 1640 intorsit
831 1602 951 1641 sese
986 1585 1348 1654 conclusaque
1382 1584 1588 1641 ibidem
1941 1602 2016 1642 125

304 1661 531 1717 turbine
566 1663 808 1717 versanti
844 1663 1017 1732 magis
1051 1679 1115 1719 ac
1150 1663 1326 1731 magis
1358 1662 1602 1732 undique
1635 1663 1837 1718 nubem

304 1740 452 1806 cogit
485 1740 569 1793 uti
604 1740 705 1794 fiat
740 1740 915 1809 spisso
950 1755 1084 1794 cava
1118 1755 1349 1807 corpore
1382 1738 1601 1808 circum,

302 1818 430 1882 post
462 1815 557 1869 ubi
593 1815 892 1870 conminuit
927 1815 1011 1870 vis
1044 1814 1163 1868 eius
1198 1818 1257 1869 et
1290 1813 1530 1883 impetus
1562 1831 1703 1884 acer,

303 1893 424 1943 tum
460 1890 865 1961 perterricrepo
901 1890 1084 1945 sonitu
1117 1890 1221 1944 dat
1255 1889 1426 1945 scissa
1458 1889 1746 1958 fragorem.

303 1982 404 2020 nec
439 1966 655 2033 mirum,
693 1983 821 2021 cum
854 1966 1021 2036 plena
1054 1966 1270 2021 animae
1304 1965 1580 2021 vensicula
1612 1981 1784 2035 parva
1938 1983 2013 2024 130

302 2058 470 2111 saepe
505 2042 605 2096 det
637 2042 774 2096 haut
807 2058 1037 2112 parvum
1072 2043 1313 2098 sonitum
1349 2041 1588 2111 displosa
1622 2045 1864 2112 repente.

371 2118 475 2173 Est
510 2118 676 2173 etiam
712 2119 870 2187 ratio,
907 2135 1030 2173 cum
1064 2119 1217 2173 venti
1249 2118 1437 2173 nubila
1469 2117 1720 2187 perflant,

300 2197 365 2248 ut
399 2195 611 2249 sonitus
645 2193 862 2249 faciant.
902 2195 1106 2249 etenim
1144 2210 1361 2249 ramosa
1393 2194 1644 2249 videmus

300 2271 485 2325 nubila
520 2288 686 2342 saepe
719 2270 899 2326 modis
931 2271 1123 2326 multis
1157 2274 1327 2338 atque
1360 2286 1558 2340 aspera
1590 2269 1756 2335 ferri;

302 2347 505 2402 scilicet
539 2351 619 2415 ut,
655 2347 905 2403 crebram
940 2347 1131 2402 silvam
1166 2363 1292 2402 cum
1325 2347 1547 2401 flamina
1579 2346 1730 2402 cauri
1935 2362 2009 2403 135

299 2423 551 2491 perflant,
584 2425 721 2479 dant
757 2426 994 2479 sonitum
1027 2423 1253 2478 frondes
1286 2423 1532 2493 ramique
1564 2423 1852 2490 fragorem.

300 2498 363 2553 fit
398 2515 614 2567 quoque
646 2504 713 2555 ut
746 2501 1026 2556 interdum
1060 2500 1229 2555 validi
1265 2500 1349 2554 vis
1383 2499 1552 2554 incita
1585 2499 1736 2552 venti

300 2574 617 2643 perscindat
651 2575 854 2630 nubem
888 2577 1236 2646 perfringens
1271 2577 1481 2645 impete
1515 2578 1683 2629 recto.

300 2666 423 2704 nam
457 2651 591 2719 quid
624 2651 800 2721 possit
832 2652 913 2706 ibi
947 2652 1112 2707 flatus
1147 2652 1434 2706 manifesta
1469 2650 1632 2706 docet
1667 2666 1774 2720 res,

298 2725 396 2792 hic,
432 2726 526 2781 ubi
561 2728 734 2782 lenior
768 2731 871 2795 est,
907 2727 965 2782 in
1000 2731 1155 2783 terra
1188 2745 1312 2784 cum
1345 2731 1532 2782 tamen
1566 2727 1680 2780 alta
1932 2741 2006 2782 140

300 2803 520 2857 arbusta
553 2804 808 2859 evolvens
840 2803 1120 2859 radicibus
1153 2805 1341 2860 haurit
1375 2804 1448 2857 ab
1481 2803 1622 2857 imis.

299 2883 424 2934 sumt
459 2880 625 2933 etiam
658 2881 860 2935 fluctus
893 2897 996 2951 per
1027 2881 1230 2950 nubila,
1267 2880 1362 2949 qui
1395 2880 1550 2948 quasi
1582 2895 1832 2933 murmur

300 2954 432 3009 dant
465 2956 523 3009 in
555 2956 860 3025 frangendo
893 2958 1168 3026 graviter3
1201 2957 1350 3027 quod
1383 2957 1517 3011 item
1551 2956 1618 3011 fit
1652 2956 1710 3009 in
1744 2954 1874 3010 altis

298 3030 605 3087 fluminibus
638 3049 947 3102 magnoque
983 3034 1139 3100 mari,
1175 3050 1302 3087 cum
1334 3032 1607 3101 frangitur
1642 3035 1845 3086 aestus.

297 3107 361 3161 fit
395 3125 621 3177 quoque,
643 3109 740 3164 ubi
764 3126 797 3163 e
827 3111 959 3165 nubi
993 3110 1052 3164 in
1085 3109 1290 3164 nubem
1324 3109 1405 3162 vis
1439 3108 1633 3163 incidit
1668 3105 1871 3162 ardens
1930 3121 2002 3159 145

294 3183 548 3303 fglminis,
586 3184 719 3241 haec
753 3188 927 3242 multo
962 3186 1010 3242 si
1043 3187 1190 3242 forte
1221 3200 1412 3240 umore
1446 3186 1656 3255 recepit
