2259 3442
1167 120 1239 177 II
1974 129 2053 184 45

0 217 41 288 7
344 227 406 280 et
441 224 823 293 quodcumque
858 223 1039 291 magis.
1068 213 1159 293 v}
1187 224 1389 279 multas
1421 226 1668 296 possidet
1700 228 1759 282 in
1792 244 1855 285 se
1990 216 2159 302 ψζγ,
2196 267 2217 295 ⁵

345 307 511 371 atque
545 304 866 371 potestates,
902 301 981 353 ita
1015 301 1252 369 plurima
1285 301 1678 372 principiorum

342 379 401 434 in
441 396 560 433 sese
596 394 801 447 genera
837 395 901 431 ac
936 378 1113 431 varias
1153 378 1317 433 docet
1353 395 1473 434 esse
1508 380 1724 448 figuras.

344 456 612 527 principio
648 454 810 509 tellus
845 453 1016 508 habet
1048 455 1107 508 in
1143 472 1204 510 se
1240 473 1468 527 corpora
1501 458 1679 526 prima

343 533 492 587 unde
526 549 678 586 mare
711 531 1017 585 inmensum
1052 532 1334 587 volventes
1369 533 1573 602 frigora
1608 534 1789 589 fontes
1988 549 2061 589 59⁰

343 609 574 664 adsidue
609 612 890 678 renovent,
925 608 1094 663 habet
1127 610 1284 677 ignes
1320 610 1469 664 unde
1504 610 1764 665 oriantur.

343 703 470 740 nam
507 686 695 740 multis
732 702 991 741 succensa
1025 687 1158 740 locis
1194 687 1392 742 ardent
1427 688 1542 742 sola
1574 692 1774 758 terrae,

344 763 558 817 eximiis
593 779 723 817 vero
758 763 894 818 furit
929 763 1148 833 ignibus
1183 765 1422 834 impetus
1460 766 1690 820 Aetnae.

341 843 461 894 tum
496 858 659 911 porro
695 841 901 896 nitidas
936 843 1122 910 fruges
1158 841 1488 910 arbustaque
1522 841 1668 896 laeta
1858 888 1865 892 .

0 952 43 982 ,.
340 916 593 984 gentibus
626 917 874 971 humanis
909 918 1080 972 habet
1112 918 1260 972 unde
1294 918 1556 972 extollere
1589 917 1778 987 possit,
1986 930 2058 970 595

340 992 488 1046 unde
525 992 692 1047 ctiam
728 993 920 1063 flu-vios
955 994 1180 1058 frondes
1217 998 1277 1047 ct
1310 993 1512 1067 pabula
1547 994 1696 1048 lacta
1775 1004 1941 1061 ‘975‘

343 1069 653 1137 montivago
687 1071 875 1139 generi
911 1071 1087 1140 possit
1121 1071 1388 1138 praebere
1424 1071 1674 1124 ferarum.

345 1161 514 1213 quare
549 1162 745 1213 magna
781 1146 946 1200 deum
982 1150 1161 1200 mater
1195 1149 1481 1213 materque
1515 1147 1755 1200 ferarum

345 1223 405 1274 et
439 1220 612 1274 nostri
647 1223 900 1289 genetrix
937 1222 1071 1275 haec
1107 1222 1258 1276 dicta
1292 1225 1379 1276 est
1413 1223 1654 1292 corporis
1687 1238 1811 1275 una.
1966 1276 1991 1284 x

417 1296 577 1351 Hanc
613 1300 831 1352 veteres
868 1298 1091 1352 Graium
1128 1298 1282 1352 docti
1317 1298 1564 1352 cecinere
1598 1301 1831 1412 poetae¹
1984 1312 2057 1352 ooo
2090 1308 2141 1329 *Χ

181 1382 308 1412 ΜΞ
374 1368 510 1428 ’μμ
519 1362 707 1427 ρζμειῖω
753 1363 1211 1441 ijstſslffimf
1230 1358 1451 1411 ιίιῙύόνῑ(
1442 1382 1505 1411 (ἐκ
1552 1366 1765 1430 Ηὲὅξῖ

42 1449 618 1555 wsedibus
601 1467 659 1503 m
693 1466 856 1504 curru
891 1450 1104 1518 biiugos
1139 1450 1349 1518 agitare
1383 1451 1580 1519 leones,

342 1543 486 1580 aeris
520 1544 577 1580 m
614 1527 792 1596 spatio
827 1543 1078 1595 magnam
1114 1527 1357 1597 pendere
1393 1527 1654 1582 docentes

341 1602 595 1657 tellurem
633 1616 808 1671 neque
845 1619 1004 1671 posse
1042 1604 1096 1656 in
1136 1607 1289 1657 terra
1326 1604 1521 1658 sistere
1555 1607 1776 1659 terram.

341 1679 638 1733 adiunxere
676 1679 834 1748 feras,
871 1681 998 1749 quia
1034 1682 1280 1748 quamvis
1317 1680 1481 1735 effera
1515 1680 1697 1751 proles

343 1756 530 1809 officiis
565 1755 735 1809 debet
769 1755 964 1809 molliri
1000 1758 1145 1809 victa
1180 1761 1483 1825 parentum.
1983 1774 2055 1813 coru

341 1832 645 1900 muralique
683 1836 850 1902 caput
887 1848 1156 1885 summum
1192 1834 1410 1887 cinxere
1444 1850 1657 1902 corona,
1808 1835 1821 1852 '

342 1908 555 1962 eximiis
589 1909 800 1962 munita
835 1908 970 1963 locis
1006 1909 1136 1977 quia
1171 1910 1405 1963 sustinet
1437 1909 1630 1975 urbes3

343 2000 451 2050 quo
486 2000 626 2037 nunc
662 1984 858 2052 insigni
893 2002 994 2055 per
1029 2002 1254 2053 magnas
1287 1984 1540 2053 praedita
1573 1988 1752 2038 terras

342 2059 595 2113 horrifice
629 2061 806 2114 fertur
841 2061 1059 2115 divinae
1094 2062 1287 2116 matris
1320 2062 1515 2129 image.

343 2135 482 2189 hanc
519 2136 700 2190 variae
735 2141 929 2205 gentes
965 2137 1190 2206 antiquo
1224 2153 1377 2191 more
1413 2153 1686 2191 sacrorum
1981 2152 2055 2191 διο

344 2212 570 2266 Idaeam
607 2214 854 2268 vocitant
888 2218 1124 2268 matrem
1163 2213 1535 2283 Phrygiasque
1570 2216 1819 2268 catervas

343 2289 477 2343 dant
514 2291 759 2359 comite3‚
797 2291 924 2360 quia
956 2292 1197 2362 primum
1234 2308 1303 2345 ex
1338 2290 1444 2344 illis
1480 2289 1678 2344 finibus
1711 2290 1886 2345 edunt

341 2383 444 2436 per
477 2370 751 2421 terrarum
786 2368 974 2422 orbem
1009 2371 1200 2436 fruges
1235 2369 1477 2437 coepisse
1512 2367 1700 2421 creari.

0 2464 46 2519 '-
340 2442 513 2510 gallos
551 2443 877 2511 attribuunt,
912 2445 1053 2512 quia,
1093 2461 1295 2498 numen
1333 2446 1425 2514 qui
1463 2443 1719 2499 violarint

342 2520 537 2573 matris
573 2523 632 2573 et
666 2521 868 2587 ingrati
902 2521 1241 2588 genitoribus
1277 2520 1483 2575 inventi
1519 2522 1642 2586 sint,
1983 2534 2055 2573 615

341 2596 646 2664 significare
683 2595 870 2650 volunt
903 2596 1154 2665 indignos
1189 2614 1309 2650 esse
1344 2596 1633 2667 putandOS,

305 2675 520 2737 &vivam
555 2673 871 2743 progeniem
907 2673 999 2741 qui
1035 2674 1092 2726 in
1128 2689 1250 2726 oras
1284 2672 1500 2729 luminis
1537 2672 1723 2726 edant.

342 2752 602 2819 tympana
636 2752 791 2804 tenta
825 2751 1018 2802 tonant
1052 2748 1248 2817 palmis
1284 2751 1343 2802 et
1377 2749 1626 2817 cymbala
1659 2749 1863 2803 circum

343 2842 593 2893 concava,
630 2825 1020 2894 raucisonoque
1055 2825 1332 2877 minantur
1366 2841 1568 2878 cornua
1602 2829 1767 2879 cantu

344 2904 404 2956 et
441 2901 676 2971 Phrygio
712 2900 957 2955 stimulat
991 2916 1217 2954 numero
1254 2916 1386 2954 cava
1417 2899 1557 2953 tibia
1589 2899 1804 2966 mentis,
1983 2910 2058 2950 620

305 2999 324 3012 ·
345 2976 571 3046 telaque
605 2979 963 3047 praeportant
996 2976 1223 3030 violenti
1259 2975 1414 3044 signa
1446 2976 1661 3042 furoris,

346 3053 590 3120 ingratos
623 3053 829 3106 animos
864 3056 1031 3122 atque
1064 3053 1235 3123 impia
1269 3057 1494 3122 pectora
1529 3052 1673 3120 volgi

348 3131 660 3183 conterrere
693 3131 846 3184 metu
882 3146 1021 3199 quae
1054 3130 1267 3199 possint
1300 3129 1520 3183 numini'
1561 3128 1731 3182 divae.

0 3216 53 3250 -ι
346 3220 481 3272 ergo
515 3220 639 3258 cum
672 3205 907 3274 primum
941 3222 1165 3275 magnas
1199 3207 1414 3261 invecta
1447 3220 1548 3274 por
1581 3202 1735 3257 urbis
