<?xml version="1.0" encoding="UTF-8"?>
<!DOCTYPE html PUBLIC "-//W3C//DTD XHTML 1.0 Transitional//EN"
    "http://www.w3.org/TR/xhtml1/DTD/xhtml1-transitional.dtd">
<html xmlns="http://www.w3.org/1999/xhtml" xml:lang="en" lang="en">
 <head>
  <title>
</title>
<meta http-equiv="Content-Type" content="text/html;charset=utf-8" />
  <meta name='ocr-system' content='tesseract 3.04.00' />
  <meta name='ocr-capabilities' content='ocr_page ocr_carea ocr_par ocr_line ocrx_word'/>
</head>
<body>
  <div class='ocr_page' id='page_1' title='image "./tlucreticarider03unkngoog_0156.png"; bbox 0 0 2259 3442; ppageno 0'>
   <div class='ocr_carea' id='block_1_1' title="bbox 261 91 1186 151">
    <p class='ocr_par' dir='ltr' id='par_1_1' title="bbox 261 91 1186 151">
     <span class='ocr_line' id='line_1_1' title="bbox 261 91 1186 151; baseline 0.001 -2"><span class='ocrx_word' id='word_1_1' title='bbox 261 91 374 149; x_wconf 80' lang='lat'>112</span> <span class='ocrx_word' id='word_1_2' title='bbox 1038 92 1186 151; x_wconf 91' lang='lat'>1111</span> 
     </span>
    </p>
   </div>
   <div class='ocr_carea' id='block_1_2' title="bbox 241 195 1965 3230">
    <p class='ocr_par' dir='ltr' id='par_1_2' title="bbox 249 195 1965 1548">
     <span class='ocr_line' id='line_1_2' title="bbox 252 195 1688 268; baseline 0.001 -17"><span class='ocrx_word' id='word_1_3' title='bbox 252 196 492 266; x_wconf 87' lang='lat' dir='ltr'>corporis</span> <span class='ocrx_word' id='word_1_4' title='bbox 526 198 693 265; x_wconf 88' lang='lat' dir='ltr'>atque</span> <span class='ocrx_word' id='word_1_5' title='bbox 729 195 908 250; x_wconf 86' lang='lat' dir='ltr'>animi.</span> <span class='ocrx_word' id='word_1_6' title='bbox 941 197 1007 251; x_wconf 89' lang='lat' dir='ltr'>fit</span> <span class='ocrx_word' id='word_1_7' title='bbox 1041 199 1126 251; x_wconf 90' lang='lat' dir='ltr'>uti</span> <span class='ocrx_word' id='word_1_8' title='bbox 1161 213 1290 268; x_wconf 86' lang='lat' dir='ltr'>pars</span> <span class='ocrx_word' id='word_1_9' title='bbox 1321 197 1453 251; x_wconf 91' lang='lat' dir='ltr'>indc</span> <span class='ocrx_word' id='word_1_10' title='bbox 1487 196 1688 252; x_wconf 86' lang='lat' dir='ltr'>animai</span> 
     </span>
     <span class='ocr_line' id='line_1_3' title="bbox 251 273 1965 342; baseline 0.002 -16"><span class='ocrx_word' id='word_1_11' title='bbox 251 273 483 327; x_wconf 77' lang='lat' dir='ltr'><strong>eiciatur</strong></span> <span class='ocrx_word' id='word_1_12' title='bbox 518 282 576 327; x_wconf 85' lang='lat' dir='ltr'>et</span> <span class='ocrx_word' id='word_1_13' title='bbox 611 274 906 326; x_wconf 79' lang='lat' dir='ltr'><strong>introrsum</strong></span> <span class='ocrx_word' id='word_1_14' title='bbox 941 290 1070 342; x_wconf 88' lang='lat' dir='ltr'>pars</span> <span class='ocrx_word' id='word_1_15' title='bbox 1104 274 1295 328; x_wconf 83' lang='lat' dir='ltr'>abdita</span> <span class='ocrx_word' id='word_1_16' title='bbox 1328 273 1510 342; x_wconf 81' lang='lat' dir='ltr'>cedat,</span> <span class='ocrx_word' id='word_1_17' title='bbox 1888 290 1965 329; x_wconf 67' lang='lat'>915</span> 
     </span>
     <span class='ocr_line' id='line_1_4' title="bbox 249 349 1713 419; baseline 0.001 -15"><span class='ocrx_word' id='word_1_18' title='bbox 249 366 379 419; x_wconf 87' lang='lat' dir='ltr'>pars</span> <span class='ocrx_word' id='word_1_19' title='bbox 415 349 581 404; x_wconf 86' lang='lat' dir='ltr'>etiam</span> <span class='ocrx_word' id='word_1_20' title='bbox 616 349 886 403; x_wconf 83' lang='lat' dir='ltr'>distracta</span> <span class='ocrx_word' id='word_1_21' title='bbox 919 366 1021 418; x_wconf 86' lang='lat' dir='ltr'>per</span> <span class='ocrx_word' id='word_1_22' title='bbox 1054 356 1209 403; x_wconf 86' lang='lat' dir='ltr'>artus</span> <span class='ocrx_word' id='word_1_23' title='bbox 1242 367 1349 404; x_wconf 90' lang='lat' dir='ltr'>non</span> <span class='ocrx_word' id='word_1_24' title='bbox 1387 354 1557 419; x_wconf 80' lang='lat' dir='ltr'>queat</span> <span class='ocrx_word' id='word_1_25' title='bbox 1591 366 1713 405; x_wconf 87' lang='lat' dir='ltr'>csse</span> 
     </span>
     <span class='ocr_line' id='line_1_5' title="bbox 250 426 1655 495; baseline -0.001 -15"><span class='ocrx_word' id='word_1_26' title='bbox 250 426 538 480; x_wconf 86' lang='lat' dir='ltr'>coniuncta</span> <span class='ocrx_word' id='word_1_27' title='bbox 571 426 716 478; x_wconf 87' lang='lat' dir='ltr'>inter</span> <span class='ocrx_word' id='word_1_28' title='bbox 751 439 810 479; x_wconf 90' lang='lat' dir='ltr'>se</span> <span class='ocrx_word' id='word_1_29' title='bbox 845 442 1023 494; x_wconf 90' lang='lat' dir='ltr'>neque</span> <span class='ocrx_word' id='word_1_30' title='bbox 1057 431 1212 480; x_wconf 90' lang='lat' dir='ltr'>motu</span> <span class='ocrx_word' id='word_1_31' title='bbox 1247 431 1438 481; x_wconf 89' lang='lat' dir='ltr'>mutua</span> <span class='ocrx_word' id='word_1_32' title='bbox 1474 427 1655 495; x_wconf 84' lang='lat' dir='ltr'>fungi3</span> 
     </span>
     <span class='ocr_line' id='line_1_6' title="bbox 249 501 1533 573; baseline 0.003 -19"><span class='ocrx_word' id='word_1_33' title='bbox 249 502 395 556; x_wconf 90' lang='lat' dir='ltr'>inter</span> <span class='ocrx_word' id='word_1_34' title='bbox 431 503 574 556; x_wconf 90' lang='lat' dir='ltr'>enim</span> <span class='ocrx_word' id='word_1_35' title='bbox 612 501 788 567; x_wconf 88' lang='lat' dir='ltr'>saepit</span> <span class='ocrx_word' id='word_1_36' title='bbox 824 506 1012 556; x_wconf 88' lang='lat' dir='ltr'>coetus</span> <span class='ocrx_word' id='word_1_37' title='bbox 1046 507 1246 557; x_wconf 84' lang='lat' dir='ltr'>natura</span> <span class='ocrx_word' id='word_1_38' title='bbox 1279 504 1533 573; x_wconf 81' lang='lat' dir='ltr'>viasquc3</span> 
     </span>
     <span class='ocr_line' id='line_1_7' title="bbox 252 577 1461 648; baseline 0.001 -16"><span class='ocrx_word' id='word_1_39' title='bbox 252 596 383 648; x_wconf 87' lang='lat' dir='ltr'>crgo</span> <span class='ocrx_word' id='word_1_40' title='bbox 420 595 609 633; x_wconf 90' lang='lat' dir='ltr'>sensus</span> <span class='ocrx_word' id='word_1_41' title='bbox 643 577 761 633; x_wconf 89' lang='lat' dir='ltr'>abit</span> <span class='ocrx_word' id='word_1_42' title='bbox 796 579 1024 633; x_wconf 85' lang='lat' dir='ltr'>mutatis</span> <span class='ocrx_word' id='word_1_43' title='bbox 1058 579 1301 633; x_wconf 89' lang='lat' dir='ltr'>motibus</span> <span class='ocrx_word' id='word_1_44' title='bbox 1335 579 1461 633; x_wconf 86' lang='lat' dir='ltr'>alte.</span> 
     </span>
     <span class='ocr_line' id='line_1_8' title="bbox 251 655 1962 725; baseline 0.002 -16"><span class='ocrx_word' id='word_1_45' title='bbox 251 659 311 709; x_wconf 91' lang='lat' dir='ltr'>ct</span> <span class='ocrx_word' id='word_1_46' title='bbox 346 656 598 723; x_wconf 91' lang='lat' dir='ltr'>quoniam</span> <span class='ocrx_word' id='word_1_47' title='bbox 632 671 740 708; x_wconf 89' lang='lat' dir='ltr'>non</span> <span class='ocrx_word' id='word_1_48' title='bbox 778 658 865 709; x_wconf 89' lang='lat' dir='ltr'>est</span> <span class='ocrx_word' id='word_1_49' title='bbox 900 655 1054 725; x_wconf 86' lang='lat' dir='ltr'><strong>quasi</strong></span> <span class='ocrx_word' id='word_1_50' title='bbox 1088 655 1238 724; x_wconf 90' lang='lat' dir='ltr'>quod</span> <span class='ocrx_word' id='word_1_51' title='bbox 1273 656 1545 711; x_wconf 85' lang='lat' dir='ltr'>suffulciat</span> <span class='ocrx_word' id='word_1_52' title='bbox 1579 660 1747 722; x_wconf 84' lang='lat' dir='ltr'>artus,</span> <span class='ocrx_word' id='word_1_53' title='bbox 1886 673 1962 713; x_wconf 81' lang='lat'>960</span> 
     </span>
     <span class='ocr_line' id='line_1_9' title="bbox 252 731 1776 801; baseline 0.002 -18"><span class='ocrx_word' id='word_1_54' title='bbox 252 731 433 786; x_wconf 89' lang='lat' dir='ltr'>debile</span> <span class='ocrx_word' id='word_1_55' title='bbox 467 731 534 785; x_wconf 87' lang='lat' dir='ltr'>fit</span> <span class='ocrx_word' id='word_1_56' title='bbox 567 747 766 800; x_wconf 88' lang='lat' dir='ltr'>corpus</span> <span class='ocrx_word' id='word_1_57' title='bbox 800 732 1266 800; x_wconf 73' lang='lat' dir='ltr'>languescuntque</span> <span class='ocrx_word' id='word_1_58' title='bbox 1301 733 1481 786; x_wconf 87' lang='lat' dir='ltr'>omnia</span> <span class='ocrx_word' id='word_1_59' title='bbox 1514 733 1776 801; x_wconf 82' lang='lat' dir='ltr'>membra,</span> 
     </span>
     <span class='ocr_line' id='line_1_10' title="bbox 250 805 1816 878; baseline 0.001 -18"><span class='ocrx_word' id='word_1_60' title='bbox 250 805 506 860; x_wconf 86' lang='lat' dir='ltr'>bracchia</span> <span class='ocrx_word' id='word_1_61' title='bbox 540 806 941 876; x_wconf 77' lang='lat' dir='ltr'>palpebraeque</span> <span class='ocrx_word' id='word_1_62' title='bbox 976 807 1182 861; x_wconf 91' lang='lat' dir='ltr'>cadunt</span> <span class='ocrx_word' id='word_1_63' title='bbox 1215 809 1559 878; x_wconf 84' lang='lat' dir='ltr'>poplitesque</span> <span class='ocrx_word' id='word_1_64' title='bbox 1594 809 1816 863; x_wconf 81' lang='lat' dir='ltr'>cubanti</span> 
     </span>
     <span class='ocr_line' id='line_1_11' title="bbox 252 884 1691 952; baseline 0.002 -17"><span class='ocrx_word' id='word_1_65' title='bbox 252 898 415 951; x_wconf 81' lang='lat' dir='ltr'>saepe</span> <span class='ocrx_word' id='word_1_66' title='bbox 453 887 635 937; x_wconf 89' lang='lat' dir='ltr'>tamen</span> <span class='ocrx_word' id='word_1_67' title='bbox 671 884 1088 937; x_wconf 90' lang='lat' dir='ltr'>summittuntur</span> <span class='ocrx_word' id='word_1_68' title='bbox 1124 884 1362 952; x_wconf 77' lang='lat' dir='ltr'>virisque</span> <span class='ocrx_word' id='word_1_69' title='bbox 1396 884 1691 939; x_wconf 87' lang='lat' dir='ltr'>resolvunt.</span> 
     </span>
     <span class='ocr_line' id='line_1_12' title="bbox 251 957 1886 1030; baseline 0.003 -20"><span class='ocrx_word' id='word_1_70' title='bbox 251 957 451 1013; x_wconf 87' lang='lat' dir='ltr'>deinde</span> <span class='ocrx_word' id='word_1_71' title='bbox 484 959 666 1013; x_wconf 91' lang='lat' dir='ltr'>cibum</span> <span class='ocrx_word' id='word_1_72' title='bbox 702 959 949 1028; x_wconf 84' lang='lat' dir='ltr'>sequitur</span> <span class='ocrx_word' id='word_1_73' title='bbox 983 977 1217 1027; x_wconf 90' lang='lat' dir='ltr'>somnus,</span> <span class='ocrx_word' id='word_1_74' title='bbox 1252 961 1395 1030; x_wconf 81' lang='lat' dir='ltr'>quia,</span> <span class='ocrx_word' id='word_1_75' title='bbox 1431 977 1571 1029; x_wconf 84' lang='lat' dir='ltr'>quae</span> <span class='ocrx_word' id='word_1_76' title='bbox 1605 961 1740 1015; x_wconf 85' lang='lat' dir='ltr'>facit</span> <span class='ocrx_word' id='word_1_77' title='bbox 1773 977 1886 1028; x_wconf 85' lang='lat' dir='ltr'>aer,</span> 
     </span>
     <span class='ocr_line' id='line_1_13' title="bbox 251 1033 1956 1103; baseline 0.002 -16"><span class='ocrx_word' id='word_1_78' title='bbox 251 1033 386 1090; x_wconf 85' lang='lat' dir='ltr'>haec</span> <span class='ocrx_word' id='word_1_79' title='bbox 422 1036 617 1090; x_wconf 88' lang='lat' dir='ltr'>eadem</span> <span class='ocrx_word' id='word_1_80' title='bbox 652 1035 820 1103; x_wconf 88' lang='lat' dir='ltr'>cibus,</span> <span class='ocrx_word' id='word_1_81' title='bbox 855 1037 913 1090; x_wconf 91' lang='lat' dir='ltr'>in</span> <span class='ocrx_word' id='word_1_82' title='bbox 949 1053 1113 1090; x_wconf 83' lang='lat' dir='ltr'>venas</span> <span class='ocrx_word' id='word_1_83' title='bbox 1148 1036 1280 1090; x_wconf 89' lang='lat' dir='ltr'>dum</span> <span class='ocrx_word' id='word_1_84' title='bbox 1315 1037 1527 1091; x_wconf 88' lang='lat' dir='ltr'>diditur</span> <span class='ocrx_word' id='word_1_85' title='bbox 1561 1037 1750 1103; x_wconf 64' lang='lat' dir='ltr'>muniti,</span> <span class='ocrx_word' id='word_1_86' title='bbox 1880 1053 1956 1092; x_wconf 76' lang='lat'>955</span> 
     </span>
     <span class='ocr_line' id='line_1_14' title="bbox 251 1111 1657 1181; baseline 0.003 -17"><span class='ocrx_word' id='word_1_87' title='bbox 251 1111 429 1166; x_wconf 87' lang='lat' dir='ltr'>efficit.</span> <span class='ocrx_word' id='word_1_88' title='bbox 463 1116 522 1166; x_wconf 89' lang='lat' dir='ltr'>et</span> <span class='ocrx_word' id='word_1_89' title='bbox 556 1112 729 1165; x_wconf 86' lang='lat' dir='ltr'>multo</span> <span class='ocrx_word' id='word_1_90' title='bbox 764 1128 927 1181; x_wconf 89' lang='lat' dir='ltr'>sopor</span> <span class='ocrx_word' id='word_1_91' title='bbox 960 1113 1053 1166; x_wconf 90' lang='lat' dir='ltr'>ille</span> <span class='ocrx_word' id='word_1_92' title='bbox 1086 1113 1437 1180; x_wconf 87' lang='lat' dir='ltr'>gravissimus</span> <span class='ocrx_word' id='word_1_93' title='bbox 1471 1117 1657 1168; x_wconf 81' lang='lat' dir='ltr'>exstat</span> 
     </span>
     <span class='ocr_line' id='line_1_15' title="bbox 251 1188 1856 1258; baseline 0.002 -18"><span class='ocrx_word' id='word_1_94' title='bbox 251 1203 414 1255; x_wconf 88' lang='lat' dir='ltr'>quem</span> <span class='ocrx_word' id='word_1_95' title='bbox 450 1191 603 1242; x_wconf 83' lang='lat' dir='ltr'>satur</span> <span class='ocrx_word' id='word_1_96' title='bbox 637 1191 734 1242; x_wconf 88' lang='lat' dir='ltr'>aut</span> <span class='ocrx_word' id='word_1_97' title='bbox 769 1188 943 1241; x_wconf 86' lang='lat' dir='ltr'>lassus</span> <span class='ocrx_word' id='word_1_98' title='bbox 978 1189 1177 1256; x_wconf 88' lang='lat' dir='ltr'>capias,</span> <span class='ocrx_word' id='word_1_99' title='bbox 1211 1188 1338 1258; x_wconf 88' lang='lat' dir='ltr'>quia</span> <span class='ocrx_word' id='word_1_100' title='bbox 1371 1190 1605 1258; x_wconf 83' lang='lat' dir='ltr'>plurima</span> <span class='ocrx_word' id='word_1_101' title='bbox 1639 1194 1759 1243; x_wconf 87' lang='lat' dir='ltr'>tum</span> <span class='ocrx_word' id='word_1_102' title='bbox 1794 1207 1856 1244; x_wconf 88' lang='lat' dir='ltr'>sc</span> 
     </span>
     <span class='ocr_line' id='line_1_16' title="bbox 252 1263 1577 1332; baseline 0.002 -16"><span class='ocrx_word' id='word_1_103' title='bbox 252 1279 482 1332; x_wconf 83' lang='lat' dir='ltr'>corpora</span> <span class='ocrx_word' id='word_1_104' title='bbox 515 1263 847 1317; x_wconf 77' lang='lat' dir='ltr'>conturbant</span> <span class='ocrx_word' id='word_1_105' title='bbox 880 1280 1077 1331; x_wconf 83' lang='lat' dir='ltr'>magno</span> <span class='ocrx_word' id='word_1_106' title='bbox 1112 1268 1339 1319; x_wconf 86' lang='lat' dir='ltr'>contusa</span> <span class='ocrx_word' id='word_1_107' title='bbox 1373 1264 1577 1319; x_wconf 83' lang='lat' dir='ltr'>labore.</span> 
     </span>
     <span class='ocr_line' id='line_1_17' title="bbox 250 1338 1569 1408; baseline 0.003 -17"><span class='ocrx_word' id='word_1_108' title='bbox 250 1338 316 1392; x_wconf 78' lang='lat' dir='ltr'>fit</span> <span class='ocrx_word' id='word_1_109' title='bbox 350 1340 560 1393; x_wconf 89' lang='lat' dir='ltr'>ratione</span> <span class='ocrx_word' id='word_1_110' title='bbox 596 1339 790 1392; x_wconf 81' lang='lat' dir='ltr'>eadem</span> <span class='ocrx_word' id='word_1_111' title='bbox 824 1340 1100 1393; x_wconf 89' lang='lat' dir='ltr'>coniectus</span> <span class='ocrx_word' id='word_1_112' title='bbox 1135 1340 1337 1408; x_wconf 85' lang='lat' dir='ltr'>partim</span> <span class='ocrx_word' id='word_1_113' title='bbox 1372 1341 1569 1395; x_wconf 85' lang='lat' dir='ltr'>animai</span> 
     </span>
     <span class='ocr_line' id='line_1_18' title="bbox 249 1414 1954 1484; baseline 0.003 -17"><span class='ocrx_word' id='word_1_114' title='bbox 249 1415 410 1468; x_wconf 86' lang='lat' dir='ltr'>altior</span> <span class='ocrx_word' id='word_1_115' title='bbox 445 1418 613 1483; x_wconf 83' lang='lat' dir='ltr'>atque</span> <span class='ocrx_word' id='word_1_116' title='bbox 646 1414 792 1467; x_wconf 84' lang='lat' dir='ltr'>foras</span> <span class='ocrx_word' id='word_1_117' title='bbox 827 1414 1034 1468; x_wconf 89' lang='lat' dir='ltr'>eiectus</span> <span class='ocrx_word' id='word_1_118' title='bbox 1068 1415 1270 1483; x_wconf 83' lang='lat' dir='ltr'>largior</span> <span class='ocrx_word' id='word_1_119' title='bbox 1304 1417 1435 1484; x_wconf 89' lang='lat' dir='ltr'>eius,</span> <span class='ocrx_word' id='word_1_120' title='bbox 1878 1433 1954 1472; x_wconf 77' lang='lat' dir='ltr'>9oe</span> 
     </span>
     <span class='ocr_line' id='line_1_19' title="bbox 250 1489 1537 1548; baseline 0.004 -6"><span class='ocrx_word' id='word_1_121' title='bbox 250 1492 309 1543; x_wconf 89' lang='lat' dir='ltr'>et</span> <span class='ocrx_word' id='word_1_122' title='bbox 343 1489 566 1543; x_wconf 82' lang='lat' dir='ltr'><strong>divisior</strong></span> <span class='ocrx_word' id='word_1_123' title='bbox 599 1490 746 1542; x_wconf 87' lang='lat' dir='ltr'>inter</span> <span class='ocrx_word' id='word_1_124' title='bbox 780 1506 838 1543; x_wconf 89' lang='lat' dir='ltr'>se</span> <span class='ocrx_word' id='word_1_125' title='bbox 874 1506 938 1543; x_wconf 86' lang='lat' dir='ltr'>ac</span> <span class='ocrx_word' id='word_1_126' title='bbox 972 1489 1286 1545; x_wconf 74' lang='lat' dir='ltr'><strong>distractior</strong></span> <span class='ocrx_word' id='word_1_127' title='bbox 1319 1494 1376 1546; x_wconf 91' lang='lat' dir='ltr'>in</span> <span class='ocrx_word' id='word_1_128' title='bbox 1410 1496 1537 1548; x_wconf 79' lang='lat' dir='ltr'>tcst.</span> 
     </span>
    </p>

    <p class='ocr_par' dir='ltr' id='par_1_3' title="bbox 241 1565 1952 3230">
     <span class='ocr_line' id='line_1_20' title="bbox 320 1565 1794 1634; baseline 0.005 -16"><span class='ocrx_word' id='word_1_129' title='bbox 320 1566 393 1619; x_wconf 91' lang='lat' dir='ltr'>Et</span> <span class='ocrx_word' id='word_1_130' title='bbox 428 1582 535 1634; x_wconf 90' lang='lat' dir='ltr'>quo</span> <span class='ocrx_word' id='word_1_131' title='bbox 571 1566 801 1634; x_wconf 88' lang='lat' dir='ltr'>quisque</span> <span class='ocrx_word' id='word_1_132' title='bbox 836 1565 954 1620; x_wconf 87' lang='lat' dir='ltr'>fere</span> <span class='ocrx_word' id='word_1_133' title='bbox 989 1568 1172 1621; x_wconf 90' lang='lat' dir='ltr'>studio</span> <span class='ocrx_word' id='word_1_134' title='bbox 1208 1568 1496 1624; x_wconf 86' lang='lat' dir='ltr'>devinctus</span> <span class='ocrx_word' id='word_1_135' title='bbox 1530 1570 1794 1625; x_wconf 82' lang='lat' dir='ltr'>adhaeret</span> 
     </span>
     <span class='ocr_line' id='line_1_21' title="bbox 248 1641 1750 1710; baseline 0.004 -16"><span class='ocrx_word' id='word_1_136' title='bbox 248 1644 344 1694; x_wconf 84' lang='lat' dir='ltr'>aut</span> <span class='ocrx_word' id='word_1_137' title='bbox 379 1642 575 1710; x_wconf 91' lang='lat' dir='ltr'>quibus</span> <span class='ocrx_word' id='word_1_138' title='bbox 610 1641 668 1694; x_wconf 91' lang='lat' dir='ltr'>in</span> <span class='ocrx_word' id='word_1_139' title='bbox 703 1641 867 1695; x_wconf 88' lang='lat' dir='ltr'>rebus</span> <span class='ocrx_word' id='word_1_140' title='bbox 901 1643 1134 1697; x_wconf 89' lang='lat' dir='ltr'>multum</span> <span class='ocrx_word' id='word_1_141' title='bbox 1170 1661 1358 1699; x_wconf 88' lang='lat' dir='ltr'>sumus</span> <span class='ocrx_word' id='word_1_142' title='bbox 1391 1650 1520 1700; x_wconf 85' lang='lat' dir='ltr'>anto</span> <span class='ocrx_word' id='word_1_143' title='bbox 1554 1647 1750 1699; x_wconf 82' lang='lat' dir='ltr'>morati</span> 
     </span>
     <span class='ocr_line' id='line_1_22' title="bbox 249 1717 1696 1789; baseline 0.003 -18"><span class='ocrx_word' id='word_1_144' title='bbox 249 1721 416 1786; x_wconf 87' lang='lat' dir='ltr'>atque</span> <span class='ocrx_word' id='word_1_145' title='bbox 449 1718 505 1771; x_wconf 92' lang='lat' dir='ltr'>in</span> <span class='ocrx_word' id='word_1_146' title='bbox 540 1734 606 1772; x_wconf 86' lang='lat' dir='ltr'>ea</span> <span class='ocrx_word' id='word_1_147' title='bbox 640 1717 850 1772; x_wconf 87' lang='lat' dir='ltr'>ratione</span> <span class='ocrx_word' id='word_1_148' title='bbox 885 1718 992 1773; x_wconf 83' lang='lat' dir='ltr'>fuit</span> <span class='ocrx_word' id='word_1_149' title='bbox 1025 1725 1287 1775; x_wconf 85' lang='lat' dir='ltr'>contenta</span> <span class='ocrx_word' id='word_1_150' title='bbox 1319 1722 1491 1789; x_wconf 84' lang='lat' dir='ltr'>magis</span> <span class='ocrx_word' id='word_1_151' title='bbox 1527 1739 1696 1787; x_wconf 71' lang='lat' dir='ltr'>mem,</span> 
     </span>
     <span class='ocr_line' id='line_1_23' title="bbox 247 1795 1952 1866; baseline 0.005 -19"><span class='ocrx_word' id='word_1_152' title='bbox 247 1795 304 1848; x_wconf 87' lang='lat' dir='ltr'>in</span> <span class='ocrx_word' id='word_1_153' title='bbox 340 1795 542 1849; x_wconf 90' lang='lat' dir='ltr'>somnis</span> <span class='ocrx_word' id='word_1_154' title='bbox 577 1795 772 1850; x_wconf 88' lang='lat' dir='ltr'>eadem</span> <span class='ocrx_word' id='word_1_155' title='bbox 806 1796 1128 1866; x_wconf 85' lang='lat' dir='ltr'>plerumque</span> <span class='ocrx_word' id='word_1_156' title='bbox 1163 1798 1413 1852; x_wconf 78' lang='lat' dir='ltr'>videmur</span> <span class='ocrx_word' id='word_1_157' title='bbox 1447 1798 1629 1864; x_wconf 89' lang='lat' dir='ltr'>obire;</span> <span class='ocrx_word' id='word_1_158' title='bbox 1876 1815 1952 1855; x_wconf 73' lang='grc'>965</span> 
     </span>
     <span class='ocr_line' id='line_1_24' title="bbox 246 1871 1574 1943; baseline 0.004 -20"><span class='ocrx_word' id='word_1_159' title='bbox 246 1871 501 1926; x_wconf 84' lang='lat' dir='ltr'><strong>causidici</strong></span> <span class='ocrx_word' id='word_1_160' title='bbox 535 1888 725 1926; x_wconf 83' lang='lat' dir='ltr'><strong>causas</strong></span> <span class='ocrx_word' id='word_1_161' title='bbox 758 1889 924 1941; x_wconf 87' lang='lat' dir='ltr'>agere</span> <span class='ocrx_word' id='word_1_162' title='bbox 958 1876 1018 1927; x_wconf 91' lang='lat' dir='ltr'>et</span> <span class='ocrx_word' id='word_1_163' title='bbox 1051 1890 1376 1941; x_wconf 88' lang='lat' dir='ltr'>componere</span> <span class='ocrx_word' id='word_1_164' title='bbox 1411 1874 1574 1943; x_wconf 74' lang='lat' dir='ltr'>legeS,</span> 
     </span>
     <span class='ocr_line' id='line_1_25' title="bbox 247 1946 1490 2020; baseline 0.005 -22"><span class='ocrx_word' id='word_1_165' title='bbox 247 1946 665 2017; x_wconf 75' lang='lat' dir='ltr'>induperatores</span> <span class='ocrx_word' id='word_1_166' title='bbox 699 1965 945 2017; x_wconf 83' lang='lat' dir='ltr'>pugnare</span> <span class='ocrx_word' id='word_1_167' title='bbox 980 1967 1044 2004; x_wconf 91' lang='lat' dir='ltr'>ac</span> <span class='ocrx_word' id='word_1_168' title='bbox 1077 1950 1288 2020; x_wconf 88' lang='lat' dir='ltr'>proelia</span> <span class='ocrx_word' id='word_1_169' title='bbox 1321 1950 1490 2015; x_wconf 88' lang='lat' dir='ltr'>obire,</span> 
     </span>
     <span class='ocr_line' id='line_1_26' title="bbox 247 2025 1691 2093; baseline 0.003 -18"><span class='ocrx_word' id='word_1_170' title='bbox 247 2028 448 2078; x_wconf 88' lang='lat' dir='ltr'>nautae</span> <span class='ocrx_word' id='word_1_171' title='bbox 483 2028 824 2079; x_wconf 89' lang='lat' dir='ltr'>contractum</span> <span class='ocrx_word' id='word_1_172' title='bbox 860 2043 984 2081; x_wconf 91' lang='lat' dir='ltr'>cum</span> <span class='ocrx_word' id='word_1_173' title='bbox 1019 2027 1200 2081; x_wconf 86' lang='lat' dir='ltr'>ventis</span> <span class='ocrx_word' id='word_1_174' title='bbox 1235 2025 1438 2093; x_wconf 87' lang='lat' dir='ltr'>degere</span> <span class='ocrx_word' id='word_1_175' title='bbox 1472 2025 1691 2093; x_wconf 90' lang='lat' dir='ltr'>bellum,</span> 
     </span>
     <span class='ocr_line' id='line_1_27' title="bbox 246 2101 1797 2170; baseline 0.003 -19"><span class='ocrx_word' id='word_1_176' title='bbox 246 2115 344 2153; x_wconf 89' lang='lat' dir='ltr'>nos</span> <span class='ocrx_word' id='word_1_177' title='bbox 378 2117 543 2169; x_wconf 86' lang='lat' dir='ltr'>agere</span> <span class='ocrx_word' id='word_1_178' title='bbox 577 2101 678 2155; x_wconf 88' lang='lat' dir='ltr'>hoc</span> <span class='ocrx_word' id='word_1_179' title='bbox 713 2107 898 2157; x_wconf 89' lang='lat' dir='ltr'>autem</span> <span class='ocrx_word' id='word_1_180' title='bbox 933 2107 993 2156; x_wconf 91' lang='lat' dir='ltr'>et</span> <span class='ocrx_word' id='word_1_181' title='bbox 1026 2106 1278 2156; x_wconf 83' lang='lat' dir='ltr'>naturam</span> <span class='ocrx_word' id='word_1_182' title='bbox 1313 2118 1579 2170; x_wconf 82' lang='lat' dir='ltr'>quaerere</span> <span class='ocrx_word' id='word_1_183' title='bbox 1614 2118 1797 2156; x_wconf 73' lang='lat' dir='ltr'>ret-iun</span> 
     </span>
     <span class='ocr_line' id='line_1_28' title="bbox 247 2177 1949 2247; baseline 0.004 -20"><span class='ocrx_word' id='word_1_184' title='bbox 247 2191 462 2245; x_wconf 86' lang='lat' dir='ltr'>semper</span> <span class='ocrx_word' id='word_1_185' title='bbox 496 2181 555 2232; x_wconf 92' lang='lat' dir='ltr'>et</span> <span class='ocrx_word' id='word_1_186' title='bbox 587 2177 864 2231; x_wconf 87' lang='lat' dir='ltr'>inventam</span> <span class='ocrx_word' id='word_1_187' title='bbox 899 2178 1091 2245; x_wconf 82' lang='lat' dir='ltr'>patriis</span> <span class='ocrx_word' id='word_1_188' title='bbox 1124 2193 1399 2246; x_wconf 83' lang='lat' dir='ltr'>exponere</span> <span class='ocrx_word' id='word_1_189' title='bbox 1433 2177 1649 2232; x_wconf 87' lang='lat' dir='ltr'>chartis.</span> <span class='ocrx_word' id='word_1_190' title='bbox 1852 2194 1949 2247; x_wconf 39' lang='grc' dir='ltr'>ἢ9ῖο</span> 
     </span>
     <span class='ocr_line' id='line_1_29' title="bbox 246 2252 1793 2323; baseline 0.002 -19"><span class='ocrx_word' id='word_1_191' title='bbox 246 2254 434 2305; x_wconf 82' lang='lat' dir='ltr'>cetera</span> <span class='ocrx_word' id='word_1_192' title='bbox 468 2252 544 2307; x_wconf 91' lang='lat' dir='ltr'>sic</span> <span class='ocrx_word' id='word_1_193' title='bbox 579 2253 763 2306; x_wconf 85' lang='lat' dir='ltr'>studia</span> <span class='ocrx_word' id='word_1_194' title='bbox 797 2257 964 2321; x_wconf 85' lang='lat' dir='ltr'>atque</span> <span class='ocrx_word' id='word_1_195' title='bbox 996 2258 1149 2308; x_wconf 84' lang='lat' dir='ltr'>artes</span> <span class='ocrx_word' id='word_1_196' title='bbox 1182 2254 1501 2323; x_wconf 85' lang='lat' dir='ltr'>plerumque</span> <span class='ocrx_word' id='word_1_197' title='bbox 1535 2253 1793 2309; x_wconf 85' lang='lat' dir='ltr'>videntur</span> 
     </span>
     <span class='ocr_line' id='line_1_30' title="bbox 242 2326 1629 2384; baseline 0.003 -5"><span class='ocrx_word' id='word_1_198' title='bbox 242 2326 300 2379; x_wconf 92' lang='lat' dir='ltr'>in</span> <span class='ocrx_word' id='word_1_199' title='bbox 336 2329 538 2382; x_wconf 85' lang='lat' dir='ltr'>somnis</span> <span class='ocrx_word' id='word_1_200' title='bbox 572 2328 781 2382; x_wconf 84' lang='lat' dir='ltr'>animos</span> <span class='ocrx_word' id='word_1_201' title='bbox 813 2327 1089 2383; x_wconf 88' lang='lat' dir='ltr'>hominum</span> <span class='ocrx_word' id='word_1_202' title='bbox 1121 2328 1392 2383; x_wconf 83' lang='lat' dir='ltr'>frustrata</span> <span class='ocrx_word' id='word_1_203' title='bbox 1425 2334 1629 2384; x_wconf 87' lang='lat' dir='ltr'>tenere.</span> 
     </span>
     <span class='ocr_line' id='line_1_31' title="bbox 245 2403 1559 2473; baseline 0.002 -17"><span class='ocrx_word' id='word_1_204' title='bbox 245 2406 304 2456; x_wconf 88' lang='lat' dir='ltr'>et</span> <span class='ocrx_word' id='word_1_205' title='bbox 338 2403 661 2473; x_wconf 88' lang='lat' dir='ltr'>quicumque</span> <span class='ocrx_word' id='word_1_206' title='bbox 698 2404 816 2458; x_wconf 90' lang='lat' dir='ltr'>dies</span> <span class='ocrx_word' id='word_1_207' title='bbox 850 2404 1051 2458; x_wconf 83' lang='lat' dir='ltr'>multos</span> <span class='ocrx_word' id='word_1_208' title='bbox 1085 2421 1157 2458; x_wconf 83' lang='lat' dir='ltr'>ex</span> <span class='ocrx_word' id='word_1_209' title='bbox 1191 2405 1383 2459; x_wconf 89' lang='lat' dir='ltr'>ordine</span> <span class='ocrx_word' id='word_1_210' title='bbox 1417 2405 1559 2459; x_wconf 89' lang='lat' dir='ltr'>ludis</span> 
     </span>
     <span class='ocr_line' id='line_1_32' title="bbox 244 2478 1703 2548; baseline 0.002 -17"><span class='ocrx_word' id='word_1_211' title='bbox 244 2478 501 2532; x_wconf 82' lang='lat' dir='ltr'>adsiduas</span> <span class='ocrx_word' id='word_1_212' title='bbox 536 2478 811 2534; x_wconf 87' lang='lat' dir='ltr'>dederunt</span> <span class='ocrx_word' id='word_1_213' title='bbox 844 2495 1054 2548; x_wconf 79' lang='lat' dir='ltr'>operaS,</span> <span class='ocrx_word' id='word_1_214' title='bbox 1089 2481 1408 2548; x_wconf 86' lang='lat' dir='ltr'>plerumque</span> <span class='ocrx_word' id='word_1_215' title='bbox 1441 2480 1703 2546; x_wconf 70' lang='lat' dir='ltr'>videmus,</span> 
     </span>
     <span class='ocr_line' id='line_1_33' title="bbox 245 2555 1946 2626; baseline 0.002 -18"><span class='ocrx_word' id='word_1_216' title='bbox 245 2571 370 2608; x_wconf 91' lang='lat' dir='ltr'>cum</span> <span class='ocrx_word' id='word_1_217' title='bbox 405 2555 514 2610; x_wconf 82' lang='lat' dir='ltr'>iam</span> <span class='ocrx_word' id='word_1_218' title='bbox 550 2555 885 2612; x_wconf 85' lang='lat' dir='ltr'>destiterunt</span> <span class='ocrx_word' id='word_1_219' title='bbox 920 2571 986 2609; x_wconf 80' lang='lat' dir='ltr'>ca</span> <span class='ocrx_word' id='word_1_220' title='bbox 1020 2555 1267 2610; x_wconf 83' lang='lat' dir='ltr'>sensibus</span> <span class='ocrx_word' id='word_1_221' title='bbox 1303 2572 1582 2626; x_wconf 84' lang='lat' dir='ltr'>usurpare,</span> <span class='ocrx_word' id='word_1_222' title='bbox 1870 2572 1946 2612; x_wconf 74' lang='lat'>975</span> 
     </span>
     <span class='ocr_line' id='line_1_34' title="bbox 244 2631 1595 2700; baseline 0.001 -17"><span class='ocrx_word' id='word_1_223' title='bbox 244 2631 474 2687; x_wconf 85' lang='lat' dir='ltr'>relicuas</span> <span class='ocrx_word' id='word_1_224' title='bbox 508 2636 691 2686; x_wconf 87' lang='lat' dir='ltr'>tamen</span> <span class='ocrx_word' id='word_1_225' title='bbox 728 2649 849 2687; x_wconf 90' lang='lat' dir='ltr'>essc</span> <span class='ocrx_word' id='word_1_226' title='bbox 884 2632 998 2686; x_wconf 81' lang='lat' dir='ltr'>vias</span> <span class='ocrx_word' id='word_1_227' title='bbox 1032 2632 1087 2685; x_wconf 89' lang='lat' dir='ltr'>in</span> <span class='ocrx_word' id='word_1_228' title='bbox 1121 2635 1307 2686; x_wconf 90' lang='lat' dir='ltr'>mente</span> <span class='ocrx_word' id='word_1_229' title='bbox 1342 2632 1595 2700; x_wconf 85' lang='lat' dir='ltr'>patentis,</span> 
     </span>
     <span class='ocr_line' id='line_1_35' title="bbox 244 2707 1594 2776; baseline 0 -16"><span class='ocrx_word' id='word_1_230' title='bbox 244 2725 352 2776; x_wconf 84' lang='lat' dir='ltr'>qua</span> <span class='ocrx_word' id='word_1_231' title='bbox 385 2710 595 2776; x_wconf 89' lang='lat' dir='ltr'>possint</span> <span class='ocrx_word' id='word_1_232' title='bbox 629 2709 823 2764; x_wconf 84' lang='lat' dir='ltr'>eadem</span> <span class='ocrx_word' id='word_1_233' title='bbox 857 2725 1041 2762; x_wconf 89' lang='lat' dir='ltr'>rerum</span> <span class='ocrx_word' id='word_1_234' title='bbox 1078 2708 1366 2762; x_wconf 84' lang='lat' dir='ltr'>simulacra</span> <span class='ocrx_word' id='word_1_235' title='bbox 1399 2707 1594 2762; x_wconf 83' lang='lat' dir='ltr'>venire.</span> 
     </span>
     <span class='ocr_line' id='line_1_36' title="bbox 242 2782 1699 2853; baseline -0.001 -18"><span class='ocrx_word' id='word_1_236' title='bbox 242 2799 343 2850; x_wconf 88' lang='lat' dir='ltr'>per</span> <span class='ocrx_word' id='word_1_237' title='bbox 378 2784 578 2838; x_wconf 87' lang='lat' dir='ltr'>multos</span> <span class='ocrx_word' id='word_1_238' title='bbox 611 2785 797 2853; x_wconf 87' lang='lat' dir='ltr'>itaque</span> <span class='ocrx_word' id='word_1_239' title='bbox 831 2785 924 2838; x_wconf 87' lang='lat' dir='ltr'>illa</span> <span class='ocrx_word' id='word_1_240' title='bbox 959 2783 1075 2837; x_wconf 91' lang='lat' dir='ltr'>dies</span> <span class='ocrx_word' id='word_1_241' title='bbox 1110 2783 1304 2836; x_wconf 81' lang='lat' dir='ltr'>eadem</span> <span class='ocrx_word' id='word_1_242' title='bbox 1339 2782 1699 2836; x_wconf 79' lang='lat' dir='ltr'>obversantur</span> 
     </span>
     <span class='ocr_line' id='line_1_37' title="bbox 243 2857 1550 2929; baseline -0.001 -19"><span class='ocrx_word' id='word_1_243' title='bbox 243 2861 373 2911; x_wconf 84' lang='lat' dir='ltr'>ante</span> <span class='ocrx_word' id='word_1_244' title='bbox 407 2860 605 2925; x_wconf 78' lang='lat' dir='ltr'>ocuIOS,</span> <span class='ocrx_word' id='word_1_245' title='bbox 640 2861 806 2914; x_wconf 85' lang='lat' dir='ltr'>ctiam</span> <span class='ocrx_word' id='word_1_246' title='bbox 842 2859 1129 2929; x_wconf 82' lang='lat' dir='ltr'>vigilantes</span> <span class='ocrx_word' id='word_1_247' title='bbox 1164 2862 1228 2911; x_wconf 89' lang='lat' dir='ltr'>ut</span> <span class='ocrx_word' id='word_1_248' title='bbox 1263 2857 1550 2911; x_wconf 85' lang='lat' dir='ltr'>videantur</span> 
     </span>
     <span class='ocr_line' id='line_1_38' title="bbox 243 2931 1943 2990; baseline -0.001 -5"><span class='ocrx_word' id='word_1_249' title='bbox 243 2949 470 2986; x_wconf 86' lang='lat' dir='ltr'>cernere</span> <span class='ocrx_word' id='word_1_250' title='bbox 506 2935 753 2988; x_wconf 83' lang='lat' dir='ltr'>saltantis</span> <span class='ocrx_word' id='word_1_251' title='bbox 787 2940 845 2990; x_wconf 90' lang='lat' dir='ltr'>ct</span> <span class='ocrx_word' id='word_1_252' title='bbox 879 2935 1060 2989; x_wconf 82' lang='lat' dir='ltr'>mollia</span> <span class='ocrx_word' id='word_1_253' title='bbox 1094 2933 1341 2987; x_wconf 87' lang='lat' dir='ltr'>membra</span> <span class='ocrx_word' id='word_1_254' title='bbox 1374 2931 1642 2986; x_wconf 86' lang='lat' dir='ltr'>moventis</span> <span class='ocrx_word' id='word_1_255' title='bbox 1867 2949 1943 2990; x_wconf 77' lang='lat' dir='ltr'>neo</span> 
     </span>
     <span class='ocr_line' id='line_1_39' title="bbox 242 3007 1813 3079; baseline 0.001 -18"><span class='ocrx_word' id='word_1_256' title='bbox 242 3011 303 3062; x_wconf 90' lang='lat' dir='ltr'>et</span> <span class='ocrx_word' id='word_1_257' title='bbox 337 3008 580 3063; x_wconf 84' lang='lat' dir='ltr'>citharae</span> <span class='ocrx_word' id='word_1_258' title='bbox 614 3010 881 3079; x_wconf 88' lang='lat' dir='ltr'>liquidum</span> <span class='ocrx_word' id='word_1_259' title='bbox 917 3027 1134 3065; x_wconf 88' lang='lat' dir='ltr'>carmen</span> <span class='ocrx_word' id='word_1_260' title='bbox 1169 3009 1506 3075; x_wconf 82' lang='lat' dir='ltr'>chordasque</span> <span class='ocrx_word' id='word_1_261' title='bbox 1539 3007 1813 3073; x_wconf 87' lang='lat' dir='ltr'>loquentis</span> 
     </span>
     <span class='ocr_line' id='line_1_40' title="bbox 241 3082 1705 3158; baseline 0 -24"><span class='ocrx_word' id='word_1_262' title='bbox 241 3083 462 3137; x_wconf 83' lang='lat' dir='ltr'>auribus</span> <span class='ocrx_word' id='word_1_263' title='bbox 497 3084 742 3152; x_wconf 87' lang='lat' dir='ltr'>accipere</span> <span class='ocrx_word' id='word_1_264' title='bbox 776 3090 834 3140; x_wconf 89' lang='lat' dir='ltr'>ct</span> <span class='ocrx_word' id='word_1_265' title='bbox 868 3101 1180 3141; x_wconf 85' lang='lat' dir='ltr'>consessum</span> <span class='ocrx_word' id='word_1_266' title='bbox 1215 3100 1438 3138; x_wconf 84' lang='lat' dir='ltr'>cernere</span> <span class='ocrx_word' id='word_1_267' title='bbox 1472 3082 1705 3158; x_wconf 82' lang='lat' dir='ltr'>eundem</span> 
     </span>
     <span class='ocr_line' id='line_1_41' title="bbox 242 3159 1531 3230; baseline -0.001 -19"><span class='ocrx_word' id='word_1_268' title='bbox 242 3160 529 3227; x_wconf 87' lang='lat' dir='ltr'>scenaique</span> <span class='ocrx_word' id='word_1_269' title='bbox 562 3161 720 3214; x_wconf 88' lang='lat' dir='ltr'>simul</span> <span class='ocrx_word' id='word_1_270' title='bbox 759 3163 935 3215; x_wconf 81' lang='lat' dir='ltr'>varios</span> <span class='ocrx_word' id='word_1_271' title='bbox 969 3160 1259 3230; x_wconf 87' lang='lat' dir='ltr'>splendere</span> <span class='ocrx_word' id='word_1_272' title='bbox 1294 3159 1531 3214; x_wconf 82' lang='lat' dir='ltr'>decores,</span> 
     </span>
    </p>
   </div>
   <div class='ocr_carea' id='block_1_3' title="bbox 2245 1043 2252 1547">
    <p class='ocr_par' dir='ltr' id='par_1_4' title="bbox 2245 1043 2252 1547">
     <span class='ocr_line' id='line_1_42' title="bbox 2245 1043 2252 1547; baseline 0 0"><span class='ocrx_word' id='word_1_273' title='bbox 2245 1043 2252 1547; x_wconf 95' lang='lat' dir='ltr'> </span> 
     </span>
    </p>
   </div>
  </div>
 </body>
</html>
