2259 3442
245 108 323 166 52
1065 105 1136 162 II

240 226 313 265 ex
344 208 696 265 insensilibus
728 212 914 263 tamen
947 206 1127 260 omnia
1161 204 1455 258 confiteare

239 285 520 357 principiis
555 286 820 341 constare.
854 298 1031 351 neque
1062 281 1123 335 id
1160 279 1464 333 manufesta
1498 278 1744 333 refutant

238 379 342 416 nec
378 366 570 417 eontra
604 362 865 432 pugnant,
902 358 959 413 in
994 358 1256 427 promptu
1289 356 1509 423 cognita
1544 372 1684 423 quae
1719 358 1863 423 sunt,

241 439 343 493 sed
381 438 554 506 magis
590 438 711 508 ipsa
745 453 910 490 manu
945 434 1156 488 ducunt
1190 435 1251 487 et
1284 432 1513 486 credere
1548 437 1752 502 cogunt

241 531 313 569 ex
347 511 710 579 insensilibus,
748 511 894 581 quod
930 510 1068 578 dice,
1104 508 1356 563 animalia
1388 510 1550 577 gigni,
1873 521 1948 563 87⁰

241 590 445 660 quippe
481 588 671 642 videre
704 588 837 643 licet
873 586 1023 641 vivos
1059 586 1297 639 existere
1328 601 1544 640 vermes

240 670 485 720 stercore
523 665 595 719 de
629 667 828 729 taetr0‚
866 665 1121 733 putorem
1159 677 1283 715 cum
1319 661 1421 716 sibi
1455 666 1618 717 nacta
1652 664 1742 716 est

239 740 644 810 intempestivis
682 757 752 795 ex
786 737 1053 793 imbribus
1088 736 1276 791 umida
1309 738 1503 804 tellus;

239 820 535 886 praeterea
572 822 797 871 cunctas
831 815 1027 869 itidem
1065 831 1157 868 res
1191 816 1410 868 vertere
1444 830 1580 868 sese.

241 896 470 947 vertunt
506 909 567 948 se
602 891 755 947 fluvii
787 892 1012 955 frondes
1048 893 1107 946 et
1141 890 1341 960 pabula
1372 890 1519 945 laeta
1876 900 1951 942 876

237 969 298 1023 in
334 969 590 1039 pecudes,
628 970 856 1024 vertunt
889 967 1134 1038 pecudes
1165 967 1224 1020 in
1259 983 1487 1037 corpora
1519 968 1708 1020 nostra.

242 1049 513 1116 naturam,
549 1048 611 1101 et
644 1048 833 1100 nostro
871 1044 944 1099 de
980 1059 1210 1114 corpore
1245 1060 1410 1113 saepe
1442 1042 1684 1097 ferarum

244 1126 546 1190 augescunt
581 1122 727 1177 vires
761 1125 821 1176 et
859 1137 1089 1191 corpora
1124 1120 1589 1189 pennipotentum.

246 1215 379 1266 ergo
414 1214 602 1253 omnes
636 1201 836 1254 natura
871 1196 1023 1252 eibos
1056 1196 1114 1251 in
1152 1212 1380 1265 corpora
1414 1194 1537 1248 viva

246 1275 418 1329 vertit
453 1279 512 1329 et
546 1274 671 1328 hinc
708 1290 897 1328 sensus
932 1273 1267 1327 animantum
1301 1273 1555 1340 procreat
1588 1285 1791 1337 omnes,
1876 1281 1954 1324 eso

245 1366 353 1403 non
388 1350 496 1404 alia
530 1351 692 1417 longe
728 1350 940 1403 ratione
975 1348 1155 1415 adque
1190 1346 1346 1400 arida
1378 1347 1527 1414 ligna

246 1425 486 1494 explicat
518 1426 575 1479 in
615 1425 859 1477 flammas
897 1426 957 1477 et
988 1424 1046 1476 in
1080 1423 1222 1490 ignis
1257 1424 1435 1476 omnia
1468 1426 1667 1477 versat.

243 1501 424 1554 iamne
462 1499 617 1554 vides
652 1499 821 1567 igitur
856 1498 1042 1566 magni
1076 1497 1379 1566 primordia
1413 1515 1596 1552 rerum

245 1576 454 1631 referre
486 1576 547 1629 in
584 1574 729 1645 quali
768 1574 879 1628 sint
914 1573 1106 1627 ordine
1141 1590 1389 1642 quaeque
1422 1574 1601 1629 locata

247 1655 306 1707 et
343 1652 639 1706 commixta
676 1650 873 1720 quibus
908 1650 1044 1704 dent
1077 1653 1262 1703 motus
1295 1650 1708 1720 accipiantque?
1878 1655 1955 1703 8815
2028 1660 2076 1679 ‘r

319 1727 454 1782 Tum
478 1744 643 1798 porro
671 1726 802 1796 quid
825 1727 888 1780 id
912 1729 1014 1794 est,
1037 1725 1277 1779 animum
1300 1727 1451 1795 quod
1472 1727 1729 1797 pereutit,
1751 1725 1932 1796 ipsum

247 1804 397 1873 quod
430 1807 616 1860 movet
653 1807 713 1858 et
748 1802 925 1858 varios
962 1819 1156 1857 sensus
1195 1820 1519 1873 expromere
1550 1803 1711 1872 cogit,

169 1896 217 1949 γ.
247 1898 317 1934 ex
350 1881 695 1936 insensilibus
730 1897 801 1935 no
839 1880 1033 1934 credas
1068 1879 1264 1934 sensile
1297 1880 1480 1949 gig-nil

247 1956 500 2011 nimirum
534 1957 746 2028 lapides
787 1959 847 2012 et
879 1957 1028 2025 ligna
1062 1960 1123 2010 et
1158 1960 1308 2010 terra
1343 1956 1492 2026 quod
1522 1972 1633 2010 una

248 2033 423 2087 mixta
456 2037 640 2088 tamen
679 2036 956 2102 nequeunt
989 2033 1211 2086 vitalem
1245 2032 1481 2086 reddero
1515 2048 1746 2085 sensum.
1883 2044 1959 2084 800
2045 2062 2056 2076 ·

242 2109 384 2162 illud
415 2108 474 2162 in
508 2109 596 2162 his
630 2110 801 2176 igitur
835 2109 1001 2162 rebus
1036 2108 1345 2161 meminisse
1380 2105 1613 2172 decebit,

248 2200 356 2236 non
391 2200 462 2238 ex
496 2184 746 2239 omnibus
788 2183 1022 2250 omnino,
1059 2198 1431 2250 quaecumque
1467 2183 1657 2234 creant
1689 2176 1827 2246 res,N

250 2260 469 2312 sensilia
504 2259 780 2327 extemplo
822 2274 912 2310 me
947 2265 999 2310 et
1032 2256 1184 2324 gigni
1223 2256 1407 2309 dicere
1442 2271 1648 2322 sensus,

249 2333 350 2386 sed
384 2334 565 2400 magni
605 2334 814 2386 referre
852 2348 917 2386 ea
950 2331 1188 2401 primum
1224 2329 1485 2400 quantula
1519 2334 1784 2399 constent,

250 2408 444 2462 sensile
481 2424 622 2475 quae
662 2407 882 2474 faciunt,
922 2411 981 2461 et
1015 2423 1124 2476 qua
1161 2407 1273 2460 sint
1304 2406 1559 2474 praedita
1592 2406 1781 2477 forma,
1881 2405 1959 2462 ’805

160 2521 166 2527 -
249 2483 487 2538 motibus
527 2481 808 2537 ordinibus
846 2483 1106 2553 posituris
1144 2482 1379 2552 denique
1413 2500 1553 2552 quae
1588 2484 1712 2539 sint.

249 2576 480 2628 quarum
516 2559 593 2614 nil
629 2575 815 2613 rerum
851 2559 908 2613 in
942 2559 1103 2629 lignis
1139 2559 1454 2629 glaebisque
1487 2560 1767 2627 videmus3

249 2640 310 2690 et
331 2639 516 2692 tamen
541 2637 694 2704 haec,
722 2652 846 2691 cum
871 2640 1001 2691 sunt
1024 2637 1179 2706 quasi
1201 2637 1516 2707 putrefacta
1537 2655 1640 2708 per
1663 2637 1882 2705 imbres,

249 2713 573 2768 vermiculos
613 2713 849 2784 pariunt,
884 2714 1012 2784 quia
1047 2729 1277 2784 corpora
1309 2715 1564 2779 materiai·

249 2789 489 2857 antiquis
530 2806 600 2844 ex
639 2789 919 2845 ordinibus
953 2794 1207 2861 permota
1241 2806 1380 2844 nova
1414 2807 1477 2844 re
1657 2842 1663 2847 .
1887 2802 1964 2844 000

251 2864 613 2920 conciliantur
650 2865 731 2918 ita
765 2870 831 2921 ut
865 2866 1073 2922 debent
1107 2866 1364 2921 animalia
1396 2866 1559 2934 gigni.

252 2939 454 2995 deinde
489 2954 584 3023 ea?³
613 2942 901 2998 sensilibus
937 2945 1031 3014 qui
1066 2943 1265 2999 sensile
1296 2959 1456 3012 posse
1490 2942 1664 2996 creari
1946 2980 1955 2989 .

169 3017 620 3111 >AE⁰n⁸ffl²¹¹¹¹¹¹⁶2
630 3034 793 3087 porro
827 3037 896 3074 ex
931 3022 1066 3095 aliisg
1101 3021 1308 3077 sentire
1341 3022 1505 3099 sueta,
1742 2976 1989 3079 &ut-'L‘

255 3092 444 3147 mollia
475 3093 586 3148 iam
617 3094 839 3151 faciunt.
873 3113 1001 3151 nam
1037 3112 1229 3152 sensus
1262 3095 1506 3163 iungitur
1540 3093 1715 3148 omnis

286 3167 555 3225 iscoribus
589 3170 770 3225 nervis
804 3174 972 3240 venis,
1009 3190 1149 3243 quae
1185 3172 1379 3241 cuique
1416 3169 1661 3226 videmus
1890 3184 1966 3225 005
