2259 3442
1106 96 1215 153 III
1937 101 2011 159 79

307 201 456 270 quod
490 202 535 255 si
571 201 873 262 inmortalis
906 201 1051 254 foret
1085 203 1145 253 et
1179 202 1396 254 mutare
1431 202 1632 258 soleret

305 295 544 347 corpora,
580 278 866 347 permixtis
901 276 1204 330 animantes
1239 277 1482 331 moribus
1518 285 1717 347 essent,

304 356 571 424 effugeret
605 355 751 408 canis
791 354 1046 424 Hyrcano
1081 353 1152 406 de
1189 355 1393 408 semine
1429 371 1591 423 saepe
1946 372 2016 413 πο

304 433 571 519 cornigeri
607 431 881 484 incursum
919 430 1068 483 cervi
1101 433 1477 498 tremeretque
1510 447 1614 500 per
1646 449 1805 485 auras

303 507 447 561 aeris
481 507 743 576 accipiter
777 507 989 574 fugiens
1024 507 1275 561 veniente
1311 506 1571 574 columba,
1816 554 1821 558 .

306 583 624 654 desiperent
658 585 920 650 homines,
956 587 1216 652 saperent
1248 582 1367 636 fera
1401 584 1579 638 saecla
1611 584 1867 640 ferarum.

302 660 439 715 illud
476 662 620 716 enim
654 661 791 715 falsa
823 661 1002 715 fertur
1036 660 1265 727 ratione,
1302 661 1452 730 quod
1485 662 1638 716 aiunt
1856 706 1864 713 ,

299 738 646 793 inmortalem
680 738 913 792 animam
948 742 1163 811 mutatp
1201 753 1427 806 corpore
1461 738 1620 793 flecti.
1943 755 2016 796 755

306 815 454 883 quod
488 819 736 870 mutatur
769 815 915 869 enim
952 815 1281 880 dissolvitur,
1315 815 1508 870 interit
1542 831 1688 884 ergo,

305 891 629 945 traiciuntur
666 892 811 945 enim
845 896 1035 961 partes
1070 897 1238 958 atque
1273 891 1465 945 ordine
1499 892 1765 960 migrant;

306 984 475 1034 quare
512 967 735 1021 dissolui
773 985 993 1036 quoque
1028 967 1238 1020 debent
1272 984 1430 1035 posse
1464 984 1566 1035 per
1584 971 1772 1036 artus,
1850 1008 1853 1011 >

306 1043 556 1111 denique
577 1047 642 1096 ut
676 1044 951 1109 intereant
983 1060 1095 1097 una
1128 1060 1253 1096 eum
1289 1058 1516 1111 corpore
1551 1048 1793 1100 cunetae.

304 1119 387 1180 sin
422 1120 629 1180 animas
662 1118 942 1172 hominum
978 1119 1165 1172 dicent
1198 1120 1255 1170 in
1291 1132 1519 1186 corpora
1552 1135 1804 1207 semper
1939 1136 2016 1177 760

306 1194 389 1247 ire
423 1194 673 1262 humana,
707 1197 892 1247 tamen
928 1210 1189 1262 quaeram
1224 1210 1325 1247 eur
1358 1210 1391 1246 e
1427 1194 1661 1262 sapienti
1700 1220 1707 1231 ι

307 1270 479 1324 stulta
513 1272 680 1337 queat
715 1269 850 1337 fieri,
867 1285 985 1323 nee
1019 1267 1262 1337 prudens
1298 1268 1372 1322 sit
1406 1285 1546 1337 puer
1578 1269 1737 1393 ullus,

304 1362 347 1395 SI
370 1362 471 1394 NON
497 1362 649 1394 CERTA
674 1361 764 1394 SUO
790 1362 909 1400 QUIA
934 1361 1115 1393 SEMINE
1147 1360 1444 1401 SEMINIOQUB

305 1440 408 1477 nee
443 1427 558 1476 tam
594 1422 787 1477 doetus
822 1439 997 1491 equae
1031 1422 1215 1492 pullus
1250 1440 1412 1491 quam
1448 1423 1606 1479 fortis
1642 1388 1768 1493 equi
1803 1425 1922 1481 vis?

306 1499 513 1554 scilicet
546 1499 601 1552 in
639 1501 829 1553 tenero
865 1507 1210 1553 tenerascere
1245 1516 1470 1568 corpore
1504 1503 1745 1555 mentem
1940 1518 2013 1560 765

304 1576 632 1644 confugient.
670 1575 817 1644 quod
853 1576 898 1628 si
934 1576 1041 1628 iam
1076 1576 1158 1639 fit,
1193 1575 1403 1630 fateare
1436 1582 1711 1633 necessest

302 1653 592 1707 mortalem
608 1654 612 1658 ’
626 1669 747 1706 esse
781 1651 1031 1720 animam,
1068 1652 1322 1720 quoniam
1358 1656 1571 1708 mutata
1603 1671 1705 1723 per
1740 1659 1895 1710 artus

304 1732 461 1783 tanto
496 1745 663 1798 opere
698 1728 904 1782 amittit
939 1728 1110 1781 vitam
1147 1745 1476 1797 sensumque
1511 1730 1764 1798 priorem.

304 1821 481 1873 quove
515 1804 679 1857 modo
713 1805 922 1872 poterit
957 1805 1169 1872 pariter
1202 1821 1327 1858 eum
1363 1821 1587 1872 corpore
1623 1822 1843 1875 quoque

305 1881 627 1934 confirmata
661 1880 905 1947 cupitum
940 1881 1140 1933 aetatis
1176 1883 1404 1948 tangere
1439 1879 1629 1933 florem
1938 1895 2014 1937 770

309 1958 389 2009 vis
425 1956 604 2022 animi,
639 1955 743 2008 nisi
781 1956 888 2008 erit
920 1970 1142 2008 consors
1177 1956 1234 2008 in
1269 1955 1478 2022 origine
1512 1956 1722 2022 prima?

307 2032 512 2101 quidve
546 2033 692 2085 foras
727 2031 831 2085 sibi
865 2030 986 2084 vult
1021 2030 1282 2084 membris
1318 2031 1468 2084 exire
1503 2032 1775 2088 senectis‘l

304 2127 373 2162 an
409 2109 608 2162 metuit
643 2108 893 2162 conclusa
927 2120 1148 2161 manere
1183 2107 1240 2160 in
1275 2116 1500 2177 corpore
1535 2109 1686 2177 putri

297 2186 365 2239 'et
400 2186 593 2239 domus
630 2185 833 2240 aetatis
867 2184 1044 2252 spatio
1078 2201 1149 2238 ne
1183 2183 1330 2237 fessa
1364 2189 1582 2239 vetusto

306 2261 539 2316 obruat?
573 2265 634 2315 at
668 2278 775 2315 non
811 2263 939 2315 sunt
972 2260 1267 2315 immortali
1303 2260 1414 2313 ulla
1448 2260 1663 2328 pericla.
1944 2277 2015 2318 775

316 2362 323 2375 ·
376 2337 630 2406 Denique
664 2337 894 2391 conubia
926 2335 999 2390 ad
1022 2337 1257 2390 Veneris
1293 2339 1592 2405 partusque
1626 2338 1866 2392 ferarum

306 2430 426 2467 esse
462 2414 667 2467 animas
701 2418 921 2482 praesto
956 2412 1318 2467 deridiculum
1355 2430 1475 2467 esse
1508 2414 1744 2481 videtur,

301 2494 593 2558 expectare
626 2489 949 2543 immortalis
984 2490 1236 2544 mortalia
1270 2491 1516 2544 membra

304 2567 590 2619 innumero
624 2581 849 2619 numero
884 2569 1208 2634 certareque
1242 2571 1740 2635 praeproperanter

303 2645 451 2701 inter
485 2658 548 2696 se
581 2658 722 2711 quae
756 2642 933 2710 prima
968 2642 1356 2710 potissimaque
1391 2644 1721 2708 insinuetur3
1945 2656 2017 2697 'eso

305 2719 351 2772 si
387 2736 494 2772 non
530 2719 674 2772 forte
709 2719 789 2770 ita
824 2720 952 2770 sunt
986 2717 1287 2770 animarum
1324 2717 1547 2772 foedera
1580 2723 1746 2787 pacta

304 2797 369 2848 ut
404 2811 546 2862 quae
579 2795 769 2864 prima
790 2791 975 2845 volans
1009 2792 1294 2846 advenerit
1329 2793 1633 2848 insinuetur
1683 2812 1689 2818 ·

257 2870 517 2989 ἕιὶιιιει.
514 2887 695 2960 neque
728 2871 875 2923 inter
910 2884 969 2921 se
1004 2861 1339 2922 contendant
1372 2868 1580 2923 viribus
1612 2869 1800 2924 hilum.

379 2947 631 3016 Denique
665 2949 722 3000 in
758 2946 983 3000 aethere
1017 2960 1124 2998 non
1161 2944 1340 3013 arbor,
1373 2960 1484 2998 non
1518 2962 1757 3035 aequore
1789 2946 1848 2999 in
1882 2945 1996 2999 alto

304 3023 478 3077 nubes
513 3041 633 3078 esse
667 3027 877 3092 queunt
911 3039 1012 3076 nee
1045 3021 1224 3091 pisces
1259 3021 1443 3076 vivere
1477 3021 1533 3074 in
1569 3023 1712 3076 arvis
1941 3034 2013 3075 ⁷85

305 3116 409 3153 nec
443 3117 604 3154 cruor
638 3101 692 3153 in
727 3101 888 3169 lignis
923 3116 1103 3169 neque
1139 3099 1284 3152 saxis
1319 3114 1479 3152 sucus
1514 3098 1707 3151 inesse.

286 3180 517 3253 'certum
553 3193 617 3229 ae
653 3175 1034 3245 dispositumst
1068 3175 1166 3229 ubi
1202 3173 1452 3243 quicquit
1485 3177 1694 3229 creseat
1728 3175 1789 3227 et
1821 3170 1966 3225 insit.
