2259 3442
185 114 302 169 902
978 113 1125 170 IIII

202 215 373 270 multa
407 217 632 285 minuta,
668 217 772 272 iaci
808 233 947 286 quae
981 218 1194 286 possint
1227 216 1420 272 ordine
1454 217 1649 271 eodem

200 309 308 362 quo
343 293 550 348 fuerint
582 297 644 349 et
675 294 871 349 formai
908 310 1126 348 servare
1161 294 1407 362 figuram,

199 373 258 423 et
294 370 468 425 multo
504 371 680 439 citius,
716 374 926 439 quanto
961 369 1142 423 minus
1174 369 1490 439 indupediri
1853 384 1900 426 7⁰

197 463 374 516 pauca.
407 451 614 515 queunt
649 450 709 501 et
744 449 873 500 sunt
908 446 975 498 in
1009 447 1187 514 prima
1219 446 1402 500 fronte
1435 446 1626 501 locata.

197 540 326 576 nam
362 527 515 577 certe
549 524 727 577 iacere
760 539 826 577 ac
860 522 1050 591 largiri
1085 523 1260 576 multa
1294 522 1557 590 videmus,
1614 581 1635 591 ,

199 616 303 653 non
340 599 513 653 solum
548 615 616 653 ex
652 598 764 653 alto
799 599 1145 669 penitusque,
1181 603 1245 654 ut
1281 599 1521 653 diximus
1554 601 1700 668 ante,

197 692 388 730 verum
424 675 496 729 de
531 675 755 729 summis
787 676 967 745 ipsum
1002 693 1218 745 quoquc
1254 693 1419 746 saepe
1451 675 1701 730 colorem.

200 755 260 806 ct
293 752 452 820 volgo
485 752 693 806 faciunt
725 752 787 806 id
821 753 972 807 lutea
1007 770 1272 822 russaque
1305 752 1427 807 vela
1854 765 1903 807 75

200 831 260 882 et
292 828 585 896 feri-agina,
621 845 747 883 cum
781 829 992 898 magnis
1027 830 1243 884 intenta
1279 828 1511 884 theatris

202 921 300 973 per
334 905 504 959 malos
538 905 757 974 volgata
790 905 1083 975 trabesque
1118 905 1415 960 trementia
1449 904 1660 959 flutant.

202 997 434 1050 namque
460 981 545 1055 ‚ibi
578 998 888 1037 consessum
925 983 1108 1037 caveai
1147 986 1339 1052 supter
1374 985 1434 1036 et
1467 996 1682 1035 omnem

202 1059 414 1113 scaenai
443 1059 704 1129 speciem,
740 1062 961 1129 patrum
997 1063 1323 1128 coetumque
1358 1059 1619 1113 decorum

199 1134 450 1190 inficiunt
484 1139 792 1205 coguntque
828 1152 926 1189 suo
960 1135 1178 1189 fluitare
1213 1136 1411 1189 colore.
1855 1146 1904 1185 so

203 1213 262 1265 et
297 1215 501 1281 quanto
536 1212 738 1267 circum
773 1228 933 1281 mage
969 1215 1097 1266 sunt
1129 1211 1339 1265 inclusa
1373 1210 1582 1265 theatri
1596 1266 1619 1279 „

203 1288 486 1356 moenibu’‚
520 1291 637 1342 tam
671 1289 845 1356 magis
880 1288 1014 1343 haec
1050 1289 1199 1342 intus
1233 1287 1457 1356 perfusa
1487 1287 1678 1356 lepore

204 1364 384 1418 omnia
417 1364 703 1418 conrident
737 1368 991 1433 correpta
1025 1364 1148 1417 luce
1183 1363 1307 1417 dici.

203 1457 332 1508 ergo
367 1439 535 1494 lintea
570 1440 640 1493 de
676 1456 887 1493 summo
922 1456 1047 1494 cum
1083 1456 1311 1507 corpore
1343 1439 1528 1494 fucum

205 1517 444 1583 mittunt,
483 1517 689 1585 effigias
726 1532 941 1584 quoque
978 1514 1186 1569 debent
1220 1515 1444 1569 mittere
1477 1515 1656 1569 tenvis
1855 1529 1905 1568 85

204 1610 292 1647 res
329 1609 590 1661 quaeque,
629 1609 696 1646 cx
733 1608 941 1646 summo
978 1590 1231 1659 quoniam
1267 1591 1575 1646 iaculantur
1609 1594 1858 1659 utraque.

205 1674 333 1723 sunt
368 1669 536 1737 igitur
570 1667 679 1722 iam
714 1668 1010 1721 formarum
1047 1667 1280 1734 vestigia
1315 1670 1469 1721 certa

203 1764 343 1814 quae
379 1745 534 1816 volgo
573 1745 803 1799 volitant
839 1744 1026 1813 suptili
1060 1743 1317 1813 praedita
1351 1743 1444 1797 filo

204 1840 304 1877 nec
339 1821 654 1891 singillatim
689 1825 919 1892 possunt
954 1825 1170 1875 secreta
1205 1821 1395 1875 videri,
1464 1830 1469 1837 '

204 1904 492 1969 praeterea
527 1899 699 1955 omnis
735 1898 872 1952 odor
904 1898 1085 1952 fumus
1119 1914 1290 1966 vapor
1324 1901 1494 1967 atque
1528 1897 1667 1952 aliae
1702 1914 1792 1952 rcs
1859 1912 1908 1951 90

204 1977 509 2032 consimiles
543 1977 667 2031 idco
704 1975 933 2030 diffusae
967 1993 1000 2029 e
1035 1974 1200 2029 rebus
1234 1974 1556 2047 abundant,-
1601 1972 1613 1983 '

206 2071 276 2108 ex
312 2055 423 2108 alto
458 2055 586 2123 quia
620 2053 752 2107 dum
789 2053 1016 2106 veniunt
1050 2052 1380 2106 intrinsecus
1416 2054 1588 2117 ortae,

206 2131 529 2185 scinduntur
565 2147 665 2199 per
699 2129 808 2183 iter
844 2129 1064 2196 flexum,
1100 2144 1203 2181 nec
1238 2131 1390 2181 recta
1423 2127 1635 2180 viarum

206 2207 350 2261 ostia
385 2211 510 2260 sunt
547 2222 657 2274 qua
692 2205 1029 2260 contendant
1065 2204 1218 2257 exire
1253 2206 1485 2257 coortae.

206 2285 267 2335 at
303 2286 494 2336 contra
528 2283 709 2335 tenuis
746 2280 943 2334 summi
978 2278 1297 2333 membrana
1331 2278 1530 2333 coloris
1864 2293 1914 2333 95

204 2375 328 2411 cum
362 2358 572 2424 iacitur,
608 2358 685 2411 nil
721 2362 808 2411 est
842 2356 989 2426 quod
1023 2372 1147 2408 eam
1183 2355 1495 2424 discerpere
1528 2355 1719 2425 possit,

206 2434 265 2488 in
298 2440 560 2504 promptu
594 2435 848 2522 quoniam
882 2435 969 2486 est
1002 2432 1058 2485 in
1094 2432 1273 2501 prima
1305 2431 1488 2486 fronte
1520 2431 1713 2487 locata⁴

209 2514 487 2580 postremo
524 2509 758 2582 speculis
794 2510 850 2563 in
886 2526 1032 2580 aqua
1067 2508 1509 2578 splendoreque
1493 2525 1550 2562 m
1585 2509 1732 2562 omni

210 2603 583 2658 quaecumque
619 2591 888 2658 apparent
921 2585 1077 2640 nobis
1114 2585 1422 2654 simulacra,
1458 2590 1752 2659 necessest²
1796 2628 1823 2667 a

211 2662 651 2734 quandoquidem
688 2664 849 2717 simili
869 2664 1065 2734 specie
1101 2668 1229 2719 sunt
1265 2662 1520 2735 praedita
1551 2678 1736 2716 rerum
1844 2675 1917 2714 100

211 2740 440 2807 extima,
476 2741 802 2810 imaginibus
837 2742 1017 2796 missis
1053 2742 1349 2798 consistere
1385 2757 1583 2794 rerum.

211 2831 318 2863 ΝΛΜ
338 2832 435 2864 CUR
455 2832 569 2865 ILLA
588 2834 783 2867 eADAN'r
804 2834 955 2867 MAGIS
975 2836 1040 2868 AB
1062 2834 1318 2874 REBUSQUE
1340 2831 1592 2866 REOEDANT

211 2897 318 2930 ΝΛΜ
340 2898 470 2937 QUAE
492 2899 680 2933 TRNVIA
701 2902 825 2935 SUNT
845 2903 1129 2937 HISCENDIST
1148 2902 1313 2935 NULLA
1337 2900 1563 2933 POTEs'rAs

212 2967 342 3018 sunt
372 2964 541 3033 igitur
574 2970 770 3022 tenues
804 2969 1013 3023 formae
1048 2985 1234 3023 rerum
1271 2964 1580 3031 similesque

212 3041 438 3110 effigiale,
475 3043 789 3111 singillatim
826 3062 965 3114 quas
1001 3061 1225 3100 cernere
1259 3058 1419 3096 nemo
1846 3052 1916 3093 105

212 3135 337 3172 cum
371 3119 547 3187 possit
582 3122 782 3187 tamen,
819 3122 1051 3175 adsiduo
1085 3120 1388 3186 crebroq·e
1424 3115 1648 3188 repulsu

212 3194 448 3250 reiectae
482 3195 725 3251 reddunt
760 3197 1105 3267 speculorum
1149 3212 1218 3250 ex
1252 3209 1492 3262 aequore
1524 3192 1719 3261 visum,
