2259 3442
250 81 366 138 42·
1059 76 1135 133 ΙΙ

239 185 342 250 est,
379 184 438 237 et
470 180 734 248 squalida
767 180 951 234 multa
985 186 1185 235 creant
1217 180 1470 235 admixta
1503 180 1706 236 doloris

237 274 499 329 corpora3
520 274 620 311 nee
644 260 829 310 tamen
850 256 985 310 haec
1009 257 1237 323 retineri
1259 256 1484 311 hamata
1505 266 1880 325 necessumst,-

239 336 448 390 scilicet
485 352 608 392 esse
635 332 863 401 globosa
896 336 1098 400 tamen,
1135 350 1259 387 cum
1297 333 1549 400 squalida
1583 337 1856 403 constent,

237 409 484 482 provolvi
517 410 675 464 simul
709 412 774 463 ut
807 410 1020 478 possint
1054 412 1113 463 et
1148 409 1373 464 laedere
1408 427 1617 465 sensus.
1670 466 1677 469 ,
1876 425 1951 468 4⁷⁰

243 491 302 543 et
337 504 448 555 quo
481 483 655 542 mixta
687 489 850 557 putes
886 486 1060 555 magis
1094 503 1291 556 aspera
1322 485 1535 541 levibus
1570 503 1693 541 esse

243 563 541 634 principiis,
575 561 724 617 unde
758 566 844 616 est
879 561 1126 632 Neptuni
1162 580 1361 633 corpus
1394 563 1668 631 acerbum,

242 644 328 694 est
362 639 504 692 ratio
539 638 892 704 secernendi3
928 655 1280 709 seorsumque
1316 639 1545 694 videndi

240 731 399 769 umor
435 714 623 780 dulcis,
659 713 752 767 ubi
788 731 891 783 per
924 718 1104 768 terras
1139 716 1385 770 crebrius
1417 715 1567 770 idem

239 790 563 862 percolatur,
598 793 664 844 ut
696 791 753 844 in
788 792 1000 845 foveam
1035 791 1171 847 fluat
1206 808 1270 846 ae
1303 794 1681 859 mansuescat;
1877 806 1951 848 475

239 868 437 938 linquit
473 867 617 922 enim
654 884 854 938 supera
888 868 1056 923 taetri
1090 868 1392 938 primordia
1426 868 1544 936 viri,

240 961 435 1015 aspera
469 961 637 1014 quom
670 944 846 1013 magis
878 945 934 998 in
969 946 1137 1000 terris
1169 945 1493 1001 haerescere
1527 945 1755 1016 possint.

312 1021 473 1087 Quod
503 1021 759 1091 'quoniam
796 1021 971 1090 docui,
1006 1038 1236 1092 pergam
1272 1025 1560 1077 conectere
1594 1037 1713 1076 rem
1748 1036 1894 1090 quae

242 1117 311 1154 ex
346 1099 448 1153 hoe
483 1102 615 1188 apta
648 1098 818 1152 fidem
855 1099 1037 1168 ducat,
1075 1098 1378 1169 primordia
1411 1113 1595 1151 rerum

213 1176 400 1239 {finita
434 1176 645 1229 variaie
681 1175 980 1244 figurarum
1016 1175 1279 1229 ratione.
1878 1188 1952 1227 oso

240 1252 390 1322 quod
426 1253 471 1305 si
505 1270 613 1306 non
648 1252 728 1305 ita
763 1253 853 1319 sit,
893 1269 1114 1305 rursum
1152 1252 1260 1306 iam
1297 1232 1504 1307 semina
1538 1250 1811 1322 quaedam

243 1346 364 1383 esse
397 1329 610 1382 infinito
648 1327 931 1381 debebunt
968 1330 1211 1397 eorporis
1245 1332 1425 1383 auctu.

201 1404 210 1449 Ι
243 1422 369 1458 nam
405 1404 658 1472 quoniam
695 1403 888 1456 eadem
925 1420 1035 1457 una
1070 1404 1305 1458 cuiusvis
1339 1405 1396 1458 in
1429 1404 1706 1461 brevitate
1786 1396 1909 1485 w}-
1955 1399 2031 1433 *Α

196 1490 202 1533 ί
245 1481 488 1549 corpoiis
522 1479 666 1532 inter
703 1495 763 1532 se
798 1478 1030 1533 multum
1066 1481 1277 1534 variare
1312 1481 1521 1549 figurae

241 1573 348 1610 non
382 1558 637 1626 possunt:
673 1554 760 1607 fac
797 1555 943 1608 enim
978 1555 1215 1609 minimis
1251 1573 1283 1610 e
1317 1557 1567 1626 partibus
1602 1574 1725 1613 esse

243 1649 474 1702 corpora
508 1632 683 1700 prima
718 1630 911 1698 tribus,
949 1631 1036 1685 vel
1072 1633 1236 1701 paulo
1273 1633 1519 1703 pluribus
1553 1650 1727 1703 auge;

243 1726 442 1780 nempe
474 1709 569 1762 ubi
603 1724 697 1762 eas
730 1708 908 1778 partis
940 1708 1102 1762 unius
1138 1710 1383 1780 corporis
1416 1711 1606 1778 omnis,

243 1802 454 1840 summa
489 1790 657 1853 atque
690 1785 800 1839 ima
833 1784 1031 1855 locans,
1066 1787 1439 1840 transmutans
1477 1787 1711 1841 dextera
1741 1784 1930 1852 laevis,

245 1863 571 1916 omnimodis
606 1865 871 1932 expertus
904 1862 1028 1931 eris,
1066 1880 1232 1932 quam
1267 1863 1497 1933 quisque
1533 1863 1632 1917 det
1665 1861 1802 1916 ordo

242 1939 438 1994 formai
474 1940 712 2010 speeiem
748 1939 920 1993 totius
957 1941 1215 2010 corporis,
1238 1941 1369 2009 eius,
1880 1950 1957 1990 40⁰

246 2016 396 2086 quod
430 2019 697 2086 superest,
734 2015 780 2068 si
815 2015 960 2070 forte
995 2018 1144 2071 voles
1178 2010 1388 2072 variare
1421 2017 1642 2084 figuras,

247 2092 563 2147 addendum
597 2093 774 2162 partis
809 2093 942 2145 alias
978 2093 1112 2155 erit;
1146 2093 1275 2145 inde
1313 2095 1587 2160 sequetur,

247 2168 483 2222 adsimili
521 2170 730 2222 ratione
766 2167 899 2221 alias
933 2170 997 2220 ut
1031 2168 1276 2236 postulet
1312 2167 1462 2232 ordo,

247 2245 293 2297 si
330 2248 394 2298 tu
427 2244 570 2298 forte
607 2243 755 2295 voles
792 2242 961 2296 etiam
996 2242 1208 2296 variare
1244 2242 1475 2308 figuras:

247 2336 377 2387 ergo
411 2319 709 2371 formarum
746 2317 1047 2369 novitatem
1082 2317 1327 2385 eorporis
1360 2332 1593 2383 augmen
1879 2328 1955 2368 495

248 2394 609 2461 subsequitur.
643 2408 811 2461 quare
846 2407 954 2443 non
990 2394 1076 2445 est
1108 2396 1174 2446 ut
1208 2391 1435 2446 credere
1466 2391 1643 2462 possis

248 2488 369 2525 esse
402 2468 629 2523 infinitis
666 2467 927 2520 distantia
963 2468 1170 2521 semina
1203 2468 1406 2537 serinia,

247 2565 318 2602 ne
353 2544 620 2616 quaedam
659 2560 822 2618 cogas
856 2543 1058 2598 inmani
1093 2545 1433 2601 maximitate

248 2641 384 2692 esse,
420 2639 584 2692 supra
619 2619 764 2691 quod
800 2620 910 2675 iam
926 2622 1107 2676 docui
1140 2639 1250 2677 non
1284 2640 1445 2694 posse
1478 2622 1717 2693 probari.

245 2702 355 2755 iam
390 2699 494 2755 tibi
528 2698 846 2753 barbaricae
881 2702 1065 2753 vestes
1101 2699 1485 2768 Meliboeaque
1518 2700 1755 2768 fulgens-
1882 2711 1957 2750 50⁰

245 2793 492 2846 purpura
526 2774 835 2830 Thessalico
871 2775 1199 2830 concharum
1233 2779 1387 2831 tacta
1419 2776 1600 2831 colore

245 2892 416 2982 aurea
449 2893 719 2998 pavonum
756 2894 962 2999 ridenti
981 2894 1212 2985 'i'mbut’a
1246 2895 1434 3000 lepore

95 3052 102 3063 ,
205 3052 214 3077 ,-
245 3005 440 3081 saecla,
475 3021 615 3058 novo
648 3022 834 3060 rerum
871 3010 1130 3076 superata
1166 3006 1345 3062 colore
1379 3007 1622 3062 iacerent

39 3104 52 3147 ⁵.
137 3078 180 3145 13·-
249 3083 308 3135 et
342 3068 688 3151 contemptus
723 3082 860 3136 odor
897 3100 1147 3163 smyrnae
1181 3084 1464 3152 mellisque
1500 3101 1736 3154 sapffl‘essr

119 3168 144 3197 ἰ
197 3184 206 3195 ·
250 3160 308 3212 et
342 3174 541 3228 cycnea
574 3158 716 3212 mele
754 3146 1117 3230 Phocis-ique
1155 3160 1388 3215 daedala
1423 3161 1642 3216 chordis
1858 3174 1957 3215 ωε
