2259 3442
254 67 370 127 182
1053 62 1100 116 V
1119 63 1145 117 1

246 173 443 227 crescit
469 170 642 225 barba
665 169 872 239 pilique
894 184 996 237 per
1018 167 1200 220 onmia
1223 165 1486 232 membra,
1509 180 1612 233 per
1634 168 1803 219 artus,
1857 223 1863 229 ,

248 248 462 303 diditur
495 248 552 301 in
586 262 753 301 venas
783 245 939 299 cibus
973 243 1162 309 omnis,
1200 245 1367 309 auget
1401 241 1611 311 alitque

249 326 491 395 corporis
527 327 801 378 extremas
836 337 1051 391 quoque
1085 319 1261 389 partis
1294 318 1734 386 unguiculosque.

245 403 417 471 frigus
450 403 584 457 item
618 401 852 454 transire
886 415 985 466 ρει
1018 414 1113 451 aes
1148 395 1494 464 calidumque
1528 412 1782 464 vaporem

251 478 530 546 sentimuS,
569 477 832 533 sentimus
867 474 1002 528 item
1037 472 1278 527 transire
1311 489 1409 540 per
1444 488 1636 525 aurum

249 558 418 623 atque
451 572 552 624 per
585 557 890 622 argentum,
925 567 1048 604 cum
1083 550 1278 619 pocula
1312 548 1475 618 plena
1509 549 1775 602 tenemus.

251 630 488 700 denique
522 647 623 700 per
657 629 938 698 dissaepta
974 626 1258 680 domorum
1295 642 1460 679 saxea
1494 641 1656 679 voces

250 707 597 775 pervolitant,
631 707 920 774 permanat
953 704 1092 757 odor
1124 702 1408 771 frigusque
1442 717 1717 771 vaposque

250 784 406 851 igine,
443 784 536 851 qui
572 782 704 838 ferri
740 798 958 850 quoque
993 780 1103 834 vim
1138 782 1432 849 penetrare
1467 779 1647 831 suevit

252 860 487 928 denique
522 876 632 929 qua
666 859 872 913 circum
910 857 1054 913 Galli
1090 856 1262 909 lorica
1295 857 1525 909 coercet.

163 960 227 992 956
252 941 311 991 ct
344 940 704 1006 tempestates
739 939 891 990 terra
925 934 1186 1002 caeloque
1220 935 1443 987 coortae

250 1013 307 1065 in
342 1013 550 1067 caelum
585 1016 875 1081 terrasque
909 1014 1153 1065 remotae
1187 1009 1310 1062 iura
1344 1008 1636 1075 facessunt,

163 1110 226 1142 955
251 1090 501 1144 morbida
534 1091 723 1159 visque
758 1089 933 1152 simul,
969 1104 1094 1141 cum
1129 1086 1470 1140 extrinsecus
1502 1084 1842 1149 insinuatur·,

163 1189 227 1221 958
252 1166 691 1235 quandoquidem
729 1165 802 1218 nil
841 1169 925 1218 est
958 1163 1062 1217 nisi
1098 1179 1225 1216 raro
1261 1161 1486 1231 corpori'
1522 1177 1683 1214 nexu,

322 1243 449 1297 Huc
485 1243 701 1297 accedit
735 1241 818 1294 uti
852 1257 960 1294 non
995 1239 1189 1308 omnia,
1226 1255 1367 1308 quae
1402 1237 1674 1291 iaciuntur

251 1335 477 1387 corpora
512 1335 745 1387 cumque
779 1317 850 1371 ab
884 1317 1065 1386 1·ebuS‚
1099 1316 1295 1370 eodem
1327 1315 1582 1385 praedita
1617 1331 1780 1368 sensu

250 1400 418 1464 atque
454 1396 647 1450 eodem
681 1398 847 1465 pacto
882 1394 1045 1449 rebus
1080 1395 1194 1448 sint
1228 1391 1477 1446 omnibus
1513 1395 1658 1460 apta.

249 1472 514 1541 principio
548 1475 754 1526 terram
790 1472 872 1526 sol
905 1470 1162 1538 excoquit
1199 1472 1257 1524 et
1291 1469 1424 1523 facit
1459 1485 1567 1536 are,

252 1551 312 1601 at
344 1548 573 1616 glaciem
609 1547 861 1602 dissolvit
895 1551 953 1601 ct
989 1547 1115 1601 altis
1151 1545 1428 1600 montibus
1462 1545 1605 1599 altas

252 1626 641 1690 extructasque
676 1622 829 1677 nives
864 1623 1033 1676 radiis
1069 1622 1353 1677 tabescere
1388 1622 1547 1689 cog-it.

253 1699 492 1769 denique
527 1716 653 1754 ocra
684 1699 900 1768 liquefit
933 1699 990 1752 in
1026 1699 1142 1752 cius
1177 1702 1336 1767 posta
1369 1715 1582 1766 vapore.

251 1775 393 1844 ignis
427 1778 562 1829 item
599 1776 866 1844 liquidum
901 1776 1036 1829 facit
1070 1792 1164 1828 aes
1199 1791 1500 1843 aurumque
1535 1774 1775 1843 resolvit,

253 1845 313 1907 at
348 1853 494 1907 coria
529 1856 587 1907 et
622 1869 839 1907 carnem
875 1853 1050 1907 trahit
1084 1855 1143 1906 et
1179 1851 1432 1905 conducit
1465 1852 1523 1905 in
1557 1868 1739 1908 unum.

252 1946 410 1982 umor
443 1947 618 1999 aquae
653 1947 816 1999 porro
850 1930 1058 1983 ferrum
1095 1928 1363 1982 condurat
1397 1927 1466 1981 ab
1501 1929 1631 1997 igni,

253 2010 312 2060 at
347 2006 495 2060 coria
530 2011 589 2061 et
624 2023 841 2061 carnem
878 2006 1055 2059 mollit
1090 2004 1292 2059 durata
1326 2005 1518 2060 calore.

252 2081 571 2150 barbigeras
608 2082 845 2137 oleaster
879 2098 945 2137 eo
979 2081 1134 2135 iuvat
1168 2098 1345 2150 usque
1381 2082 1628 2152 capellas,

253 2159 441 2212 effluat
475 2159 778 2213 ambrosiae
813 2159 968 2228 quasi
1004 2175 1135 2213 vere
1169 2162 1229 2213 et
1263 2159 1484 2214 nectari’
1522 2159 1753 2226 linctus3

253 2252 362 2302 qua
395 2235 466 2288 nil
506 2239 592 2290 est
627 2236 832 2289 homini
868 2235 1017 2303 quod
1053 2235 1287 2308 amariu’=
1311 2233 1565 2290 frondeat
1600 2253 1738 2292 esca.

254 2310 487 2379 denique
522 2311 890 2365 amaracinum
922 2311 1127 2379 fugitat
1162 2328 1254 2365 sus
1289 2315 1348 2367 et
1383 2312 1542 2366 timet
1577 2330 1736 2367 omne

253 2390 582 2454 ungentum;
618 2402 742 2439 nam
778 2387 1061 2455 saetigeris
1098 2388 1266 2443 subus
1301 2405 1425 2443 acre
1459 2392 1796 2459 venenumst‚

254 2462 402 2531 quod
437 2478 535 2515 nos
569 2461 849 2516 interdum
884 2466 1166 2532 tamquam
1202 2482 1454 2519 recreare
1487 2466 1721 2523 videtur.

251 2543 311 2593 at
346 2542 537 2593 contra
570 2536 729 2592 nobis
765 2555 989 2593 caenum
1026 2540 1346 2594 taeterrima
1380 2559 1504 2596 cum
1542 2542 1617 2597 sit

254 2615 559 2684 spurcities,
596 2614 790 2669 eadem
828 2615 994 2669 subus
1027 2615 1164 2669 haec
1198 2617 1436 2672 iucunda
1469 2618 1706 2687 videtur,

252 2691 633 2745 insatiabiliter
669 2692 774 2745 toti
810 2698 873 2745 ut
909 2692 1194 2745 volvantur
1227 2692 1454 2749 ibidem.

324 2768 445 2821 Hoc
480 2768 643 2822 etiam
680 2771 942 2835 superest,
979 2767 1099 2837 ipsa
1134 2785 1296 2838 quam
1333 2770 1515 2825 dicere
1550 2772 1621 2826 de
1655 2788 1719 2826 re

252 2843 549 2910 adgredior
585 2843 733 2911 quod
770 2843 1059 2897 dicendum
1096 2846 1249 2914 prius
1284 2863 1404 2900 csse
1439 2847 1674 2902 videtur.

254 2919 427 2972 multa
459 2920 726 2971 foramina
760 2936 883 2973 cum
919 2920 1082 2973 variis
1119 2922 1228 2974 sint
1262 2923 1484 2977 reddita
1519 2924 1698 2989 rebuS‚

254 2992 507 3045 dissimili
540 2993 687 3046 iuter
723 3011 784 3047 se
818 2998 1016 3048 natura
1051 2996 1303 3064 praedita
1339 2998 1546 3052 debent

255 3083 375 3121 esse
410 3070 469 3119 et
503 3066 708 3122 habere
743 3083 895 3123 suam
932 3072 1181 3124 naturam
1220 3089 1467 3141 quaeque
1503 3076 1741 3143 viasque.

254 3142 456 3210 quippe
492 3142 693 3195 etenim
731 3145 866 3196 varii
905 3162 1094 3200 s-usus
1128 3147 1494 3202 animantibus
1527 3150 1728 3218 insunt,

1889 2097 1964 2140 970

1888 2481 1960 2521 975
