2259 3442
1126 115 1196 151 XV

303 236 617 302 (austrum).
667 232 869 289 deinde
911 231 1207 289 Goebeiius
1247 241 1457 307 quaest.
1496 240 1658 296 Lucr.
1693 242 1814 297 crit.
1850 260 1902 313 p.
1938 248 2003 298 14

297 319 593 374 emendata
623 319 1063 389 interpunctione
1099 322 1281 375 omnia
1312 324 1475 391 plana
1510 326 1655 381 fecit.
1704 327 2003 382 Lachman-

297 419 401 456 nus
430 402 618 472 inepto
653 420 754 473 pro
787 415 1010 457 AURUM
1045 422 1238 460 aurea·
1262 411 1320 462 et
1355 413 1452 463 831
1492 426 1592 478 pro
1627 423 2003 466 DISTRAGTUM

296 486 589 542 distracta.

404 579 506 629 846
538 574 666 628 libri
691 585 1012 632 PROPRIUM.
1050 577 1139 632 ed.
1180 578 1327 634 Iunt.
1363 582 1422 635 et
1459 581 1838 639 Lachmannus
1865 601 2003 654 pro·

292 660 447 735 priO,
477 658 593 713 sine
619 675 797 713 causa.
849 659 914 714 cf.
939 666 1056 716 855.

403 753 504 802 893
529 746 721 801 addidi
746 753 813 815 et,
837 747 987 817 quod
1019 749 1168 804 inter
1198 767 1227 806 e
1255 753 1314 805 et
1340 768 1379 820 9
1410 753 1632 810 excidit.
1681 759 1831 810 amat
1855 756 2001 810 enim

298 837 462 903 poeta
507 831 876 906 monosvlnlaba
911 833 1074 902 longa
1112 835 1331 892 elidere.
1393 853 1495 906 pro
1529 851 1796 892 SENSILIA
1829 841 2002 895 Lach-

299 933 528 972 mannus
551 934 675 972 cum
699 918 979 973 veteribus
1001 921 1202 974 sensile
1222 929 1287 976 ec.

403 1011 503 1059 902
545 1022 646 1074 pro
686 1018 770 1058 Ex
807 1018 1147 1058 SENSILIBUS
1188 1008 1568 1076 Lachmannus
1604 1011 1869 1067 audacter
1918 1030 1999 1081 ea,

297 1091 621 1158 semin-ibus,
636 1093 694 1144 et
718 1097 820 1146 903
843 1091 1018 1145 saetis
1039 1103 1142 1161 pro
1165 1103 1349 1147 SUETI.
1401 1110 1518 1163 ego,
1541 1100 1761 1151 servato
1784 1098 2001 1153 semili-

294 1178 396 1231 lms
435 1180 493 1231 et
531 1177 975 1247 interpunctione
1012 1183 1240 1248 mutata,
1282 1181 1474 1249 scripsi
1509 1188 1680 1236 sueta.
1731 1182 1833 1238 hoc
1865 1185 2002 1242 dicit

297 1265 477 1332 poeta,
505 1264 521 1291 ‘
535 1266 741 1319 semina
765 1264 970 1320 sentire
994 1269 1280 1322 suescunt:
1317 1282 1450 1334 ergo
1473 1267 1657 1323 mollia
1679 1271 1837 1324 sunt’.

399 1355 502 1403 905
525 1366 628 1418 pro
652 1362 898 1410 CUMQUE
922 1350 1052 1404 dedi
1071 1351 1287 1418 cuique.
1336 1350 1715 1408 Lachmannus
1738 1364 1956 1412 cancta.

402 1440 501 1488 915
538 1437 674 1501 (923)
710 1434 856 1488 malo
879 1451 1003 1489 cum
1029 1435 1325 1505 Bernaysio
1359 1440 1489 1508 post
1523 1444 1642 1508 914,
1667 1456 1835 1509 quam
1873 1458 1997 1498 cum

296 1521 645 1576 Lachmanno
669 1524 798 1591 post
821 1527 923 1576 916
949 1521 1230 1578 collocare.

399 1612 499 1662 926
526 1607 771 1661 vicimus
794 1609 988 1677 scripsi
1019 1626 1120 1679 pro
1156 1610 1497 1680 ineptissimo
1532 1613 1798 1670 librorum
1835 1629 1998 1671 FUGI-

291 1704 428 1760 MUS,
467 1692 617 1762 quod
639 1692 848 1748 frustra
870 1694 1121 1750 defendit
1148 1696 1539 1754 Lachmannus.
1596 1705 1827 1771 apparet
1852 1703 1996 1757 enim

291 1781 514 1845 poetam
539 1778 610 1831 ad
634 1781 736 1836 870
762 1794 895 1847 sqq„
918 1796 1026 1833 non
1048 1780 1124 1834 ad
1149 1786 1267 1849 886,
1303 1783 1591 1852 respicere.

396 1869 498 1917 932
568 1863 892 1919 rectissimo·
932 1865 1263 1934 Bernaysius
1319 1884 1547 1923 sensum
1604 1887 1705 1939 pro
1762 1882 1992 1924 SENSUS.

291 1949 548 2002 librarius
571 1965 633 2002 m
661 1950 830 2004 semel
867 1952 1098 2020 scripsit.
1171 1953 1372 2008 dcinde
1411 1960 1512 2009 933
1548 1972 1650 2024 pro
1684 1969 1995 2013 PRODITUM

290 2043 492 2084 ΕΧΤΒΑ
533 2032 727 2101 scripsi
756 2035 1033 2101 proditus
1073 2041 1231 2090 extet.
1305 2036 1685 2093 Lachmannus
1717 2045 1995 2110 protinus

290 2121 488 2170 extent.
562 2115 894 2186 Bernaysius
944 2120 1229 2188 proditur
1256 2127 1439 2176 extra.
1517 2122 1619 2176 scd
1650 2126 1995 2184 coniunctivo

291 2214 428 2267 opus
453 2203 551 2254 est.

394 2290 497 2339 940
567 2284 693 2339 libri
741 2287 1044 2343 rectissime
1090 2300 1404 2351 TERRAQUE
1451 2301 1852 2368 OREATIS,1100
1889 2305 1996 2372 est

290 2370 559 2443 frugibus,
585 2371 873 2427 arboribus
911 2380 1015 2433 cet.
1088 2379 1468 2439 Lachmannus
1500 2388 1817 2456 aethraque.
1888 2387 1992 2443 hae

289 2458 474 2508 autem
497 2457 651 2525 ipsae
675 2472 764 2511 rcs
789 2459 944 2513 terra
965 2464 1025 2516 et
1047 2463 1272 2520 aethere
1296 2469 1583 2525 coniuncto
1608 2477 1876 2527 creantur.

395 2547 491 2595 941
566 2558 667 2610 pro
719 2554 1189 2619 CONVENIENTES‚
1228 2552 1396 2621 quod
1419 2572 1488 2610 ex
1540 2558 1748 2612 ultimis
1788 2558 1991 2614 litteris

289 2626 523 2697 proximi
547 2643 738 2682 versus
762 2633 945 2684 ortum
969 2650 1001 2685 v
1003 2633 1203 2704 idctur‚
1230 2639 1422 2708 scripsi
1445 2642 1810 2698 convenienti.

393 2715 493 2764 943
563 2728 664 2781 pro
722 2726 1091 2769 ANIMANTEM
1132 2732 1421 2781 QUAMQUE
1463 2736 1746 2778 TUENTUR
1823 2729 1989 2797 Hugo

290 2792 674 2851 Purmannus
657 2814 715 2852 m
742 2799 923 2854 Iahnii
948 2804 1126 2858 annal.
1149 2806 1332 2874 philol.
1349 2809 1449 2862 vol.
1471 2812 1536 2868 67
1570 2826 1626 2880 p.
1658 2817 1758 2870 673
1782 2815 1990 2883 optime

285 2881 587 2937 animante
609 2884 678 2937 in
702 2902 922 2954 quaque
945 2889 1185 2945 cientur.

395 2972 496 3022 963
568 2972 777 3025 servavi
802 2987 1161 3044 PRAETEREA,
1184 2995 1285 3047 pro
1300 2997 1408 3048 quo
1428 2981 1989 3054 Lachmannusprop-

288 3057 454 3103 terea.

396 3136 529 3196 1010
552 3159 670 3212 sqq.
742 3143 940 3197 horum
962 3161 1219 3198 versuum
1252 3162 1519 3201 conexum
1559 3151 1618 3207 et
1641 3149 1985 3213 sententiam,
