2259 3442
839 478 899 533 T.
935 478 1270 535 LUCRETI
1309 480 1499 536 CARI

524 641 691 767 ΒΕ
740 597 1208 773 RERUM
1286 648 1853 761 NATURA·

782 850 786 855 ’
844 809 1101 885 LIBER
1147 837 1497 889 PRIMUS.

325 1198 650 1254 Aeneadum
684 1198 956 1267 genetrix,
992 1199 1276 1254 hominum
1313 1199 1603 1270 divomque
1637 1201 1902 1271 voluptas,

319 1277 466 1331 alma
502 1276 554 1328 V
557 1293 725 1340 οιιιιε,
743 1276 879 1330 caeli
916 1277 1110 1331 subter
1149 1276 1392 1331 labentia
1426 1278 1581 1345 signa

321 1370 464 1424 quae
499 1352 649 1408 marc
686 1353 1018 1421 navigerum,
1055 1369 1224 1421 quae
1233 1356 1413 1408 terras
1449 1354 1819 1423 frugiferentis

321 1422 687 1497 concelebraS‚
725 1447 824 1499 por
860 1433 919 1485 te
957 1430 1215 1499 quoniam
1250 1447 1425 1500 genus
1460 1448 1619 1486 omne
1652 1428 1990 1486 animantum

300 1507 624 1576 ‘concipitur
659 1504 893 1574 visitque
929 1511 1184 1561 exortum
1221 1507 1427 1562 lumina
1461 1508 1605 1563 solis.
2010 1519 2038 1560 5

318 1589 396 1657 te,
432 1584 552 1653 dea,
587 1588 646 1638 te
681 1583 897 1652 fugiunt
934 1584 1102 1651 venti,
1140 1587 1199 1639 te
1233 1583 1423 1638 nubila
1454 1585 1592 1639 caeli

321 1661 728 1728 adventumque
763 1666 936 1727 tuum,
972 1660 1076 1714 tibi
1111 1660 1295 1725 suavis
1331 1659 1565 1719 daedala
1597 1640 1788 1715 tellus

325 1738 619 1791 summittit
654 1738 829 1804 floreS,
866 1736 972 1790 tibi
1010 1737 1200 1791 rident
1237 1753 1479 1806 aequora
1512 1739 1667 1807 ponti

322 1815 705 1883 placatumque
740 1779 885 1866 nit’c't
923 1813 1120 1866 difluso
1158 1814 1360 1866 lumino
1396 1814 1621 1868 caelum.
1688 1867 1692 1871 .
1736 1844 1739 1848 *
1948 1864 1951 1869 .
2008 1866 2012 1873 .

306 1898 450 1943 ‘nam
486 1889 646 1942 simul
684 1906 746 1941 ac
783 1889 993 1956 species
1035 1888 1369 1956 patefactast
1404 1905 1573 1942 verna
1608 1880 1720 1943 dici
1994 1905 2043 1945 ιο

322 1970 386 2020 ct
416 1968 665 2018 reserata
698 1963 848 2030 viget
881 1963 1207 2046 genitabilis
1245 1979 1378 2017 aura
1412 1963 1607 2031 favoni,
1677 1973 1768 2021 ἶζι]
1793 1973 1918 2023 73⁴5
2008 1961 2017 2017 Ῐ

322 2043 504 2097 aeriae
539 2040 775 2110 primum
817 2041 1065 2095 volucres
1103 2045 1176 2106 tc,
1213 2040 1355 2106 diva,
1391 2043 1659 2109 tuumque

323 2117 634 2188 significant
668 2117 865 2172 initum
905 2117 1189 2187 perculsae
1224 2116 1391 2171 corda
1426 2121 1523 2171 tua
1545 2118 1625 2185 Ji.

237 2214 282 2246 ιιι
324 2195 452 2251 inde
487 2196 638 2251 ferae
666 2195 909 2274 pecudes
945 2195 1260 2289 persultant
1295 2194 1496 2263 pabula
1530 2194 1675 2249 lacta
1752 2253 1756 2259 ,

238 2288 282 2320 1⁴
312 2278 384 2328 ·et
418 2273 641 2345 rapidos
676 2276 899 2327 tranant
936 2268 1140 2328 amnis:
1151 2272 1257 2326 ita
1290 2271 1468 2341 capta
1487 2272 1673 2342 lepore
1999 2288 2046 2326 15

326 2354 383 2405 to
418 2351 668 2420 sequitur
703 2349 917 2418 cupide
938 2366 1047 2417 quo
1090 2346 1377 2419 quamque
1401 2348 1660 2403 inducere
1695 2347 1893 2416 pergis.

325 2428 563 2495 denique
598 2443 700 2496 per
734 2427 907 2500 maria
952 2444 1015 2481 ac
1051 2427 1255 2481 montis
1289 2427 1590 2496 fluviosque
1625 2427 1837 2502 rapacis

324 2502 760 2571 frondiferasque
798 2503 988 2555 domos
1028 2504 1211 2557 avium
1249 2521 1577 2574 camposque
1611 2503 1840 2558 virentis
1889 2500 1892 2503 “

327 2579 579 2634 omnibus
612 2579 881 2632 incutiens
921 2578 1182 2632 blandum
1226 2597 1326 2649 per
1348 2584 1585 2648 'pectora
1618 2596 1859 2634 amorem

316 2656 496 2710 *officis
530 2659 595 2710 ut
630 2652 828 2729 cupide
865 2658 1174 2723 generatim
1217 2658 1393 2711 saecla
1427 2662 1745 2728 propagent.
2000 2652 2049 2723 23)

329 2749 471 2802 quae
507 2730 762 2802 quoniam
798 2749 984 2800 rerum
1027 2737 1280 2787 naturam
1318 2735 1432 2788 sola
1466 2735 1741 2802 gubernas
1800 2728 1808 2735 “
2002 2727 2022 2734 “

329 2826 431 2865 uec
467 2810 583 2864 sine
617 2813 677 2864 te
712 2810 1003 2878 quicquam
1044 2809 1164 2863 dias
1200 2809 1257 2862 in
1269 2811 1512 2866 luminis
1548 2828 1671 2865 oras
1979 2854 1984 2867 ,.

333 2886 581 2941 exoritur
614 2903 796 2955 neque
831 2886 898 2939 fit
931 2885 1137 2940 laetum
1174 2901 1355 2954 neque
1392 2886 1624 2941 amabile
1659 2882 1965 2956 quicquam,
2019 2948 2022 2955 Α

334 2968 395 3018 te
430 2963 649 3017 sociam
663 2961 860 3017 studeo
897 2961 1204 3016 scribendis
1242 2978 1273 3014 v
1277 2962 1486 3016 ersibus
1522 2980 1642 3019 csse
2019 3026 2022 3033 ,

323 3053 475 3108 quos
510 3054 612 3106 ego
648 3038 720 3093 de
755 3056 940 3093 rerum
978 3042 1175 3092 natura
1209 3054 1449 3107 pangere
1487 3055 1651 3094 conor
2000 3052 2049 3090 25

340 3113 706 3168 Memmiadae
739 3117 929 3169 nostro
964 3131 1126 3183 quem
1162 3117 1244 3183 tu,
1279 3113 1399 3183 dea,
1433 3119 1682 3184 tempore
1716 3114 1774 3168 in
1808 3110 1958 3167 omni
2017 3170 2026 3183 ι

340 3189 588 3243 omnibus
623 3195 879 3246 ornatum
913 3192 1132 3247 voluisti
1169 3190 1440 3246 excellere
1474 3191 1654 3246 rebus

358 3267 383 3311 4
