2259 3442
1101 95 1272 149 xxxix

316 231 518 287 deinde
551 236 698 297 1234,
721 230 818 298 qui
841 230 899 283 in
921 228 1201 283 codicibus
1234 234 1367 283 1225
1398 231 1501 296 est,
1525 231 1658 282 ante
1693 232 1827 281 1235
1860 226 2024 281 collo-

313 317 521 372 candus
545 319 644 370 est.
667 332 796 368 nam
829 320 1066 370 1235-8
1090 315 1164 368 ad
1197 331 1321 368 eum
1346 314 1674 368 referuntur.
1708 313 1864 366 ‘nullo
1889 317 2023 366 tem-

302 420 467 470 pore,
493 418 626 470 ergo
659 417 769 455 non
792 418 827 454 a
853 400 1099 455 mortuis,
1162 399 1544 454 Lachmannus
1567 414 1692 451 eum
1725 400 1855 450 ante
1888 399 2020 454 1247

312 487 610 542 transtulit.
647 486 797 540 idem
820 488 1117 541 cernebant
1140 502 1240 555 pro
1264 499 1602 540 osannam.

418 574 569 630 Ante
598 577 729 632 1247
754 590 896 628 unus
919 577 1072 628 certe
1102 589 1296 627 versus
1318 572 1539 627 excidit.
1591 587 1764 641 quare
1793 570 2021 625 lacunae

312 659 528 727 signum
553 658 727 728 posui.

419 751 550 799 1259
621 762 723 814 pro
754 759 921 799 sorus
958 759 1250 799 namacius
1281 745 1473 815 scripsi
1499 745 1662 814 uaris
1684 746 1738 800 is
1771 762 2018 801 maeror.

315 836 449 885 1260
489 847 592 902 pro
630 822 969 899 Cosmum,
1002 846 1295 885 manans
1338 830 1718 886 Lachmannus
1753 831 1870 885 sine
1907 831 2020 885 ulla

310 934 474 973 causa
500 918 790 987 Confluxit
814 920 972 973 hbes.
1005 919 1069 973 cf.
1095 918 1168 972 ad
1192 934 1227 971 v
1248 922 1364 973 689.

419 1008 548 1059 1281
623 1019 842 1057 versum
864 1003 1119 1057 mutilum
1143 1002 1392 1071 supplevi
1416 1001 1675 1056 addendo
1703 1005 2014 1070 praesenti.

310 1088 691 1143 Lachmannus
713 1096 1055 1157 compostum.

414 1181 547 1230 1282
619 1175 951 1244 Pomponius
988 1175 1193 1228 Laetus
1231 1176 1383 1228 recte
1417 1173 1637 1228 addidit
1672 1190 1776 1228 res.
1848 1174 2024 1249 Lach7

307 1275 539 1314 mannus
562 1275 652 1314 res
674 1260 901 1315 subitae.

292 1571 299 1575 .
410 1528 571 1595 Quod
606 1529 681 1584 ad
717 1528 989 1584 scribendi
1028 1530 1296 1585 rationem
1336 1528 1554 1597 attinet,
1602 1529 2012 1585 Lachmannum

306 1614 575 1683 optimum
633 1614 832 1670 ducem
881 1613 1342 1684 membranasque
1396 1614 1695 1670 Leidenses
1747 1631 1812 1669 eo
1859 1618 2013 1671 certe

304 1701 522 1756 nomine
546 1702 794 1770 egregias
815 1704 874 1756 et
896 1702 1015 1769 ipso
1035 1701 1249 1769 Vergili
1272 1700 1525 1755 Mediceo
1548 1700 1709 1770 longe
1731 1706 2011 1771 praestan-

304 1786 474 1840 tiores
495 1802 619 1840 meo
641 1786 762 1840 iure
793 1789 1012 1841 secutus
1036 1803 1193 1852 sum;
1225 1802 1327 1839 nec
1356 1786 1598 1840 futtilem
1629 1786 1863 1857 aliquam
1887 1804 2011 1842 con-

305 1871 564 1925 stantiam
587 1871 845 1940 quaesivi‚
866 1871 938 1924 ab
961 1870 1178 1938 ingenio
1199 1870 1419 1937 linguae
1441 1874 1500 1924 et
1516 1873 1764 1924 veterum
1788 1889 2012 1927 consue·

305 1955 501 2010 tudine
522 1956 734 2025 pariter
760 1955 1164 2009 abhorrentem.
1197 1956 1388 2022 itaque
1410 1970 1521 2008 non
1553 1955 1729 2008 solum
1761 1957 1869 2013 isto
1891 1959 2010 2012 viro

306 2044 530 2095 auctore
568 2041 772 2093 formas
810 2039 1074 2107 quasdam
1114 2055 1409 2116 germanae
1429 2106 1434 2113 .
1454 2039 1815 2111 antiquitatis,
1829 2026 2011 2098 ”velut

305 2124 459 2180 verbi
483 2141 648 2180 causa
670 2125 838 2179 semel
862 2123 932 2178 m·
957 2128 1016 2179 et
1037 2124 1172 2178 nive
1193 2141 1295 2193 pro
1316 2141 1388 2178 ne
1418 2129 1480 2180 et
1510 2142 1658 2194 neve,
1682 2125 2010 2195 aliquotiens

305 2211 682 2281 diphthongon
695 2211 750 2266 ei
766 2230 867 2283 pro
886 2211 1172 2280 simplicii,
1197 2211 1520 2280 terdeciens,
1540 2212 2010 2269 consentientibus

303 2299 427 2352 istis
450 2296 796 2368 membranis,
830 2298 904 2351 -is
940 2298 996 2351 in
1027 2314 1173 2359 nom.
1200 2300 1347 2370 plur.
1381 2299 1583 2353 tertiae
1618 2298 2007 2370 declinationis,

303 2398 328 2437 1
350 2389 467 2453 808,
492 2399 539 2438 11
562 2387 678 2453 577,
703 2391 820 2453 955,
839 2390 988 2452 1155,
1011 2400 1073 2438 Π
1093 2390 1214 2453 452,
1233 2390 1382 2453 1203,
1407 2391 1556 2455 1221,
1576 2391 1744 2454 v216‚
1758 2393 1874 2454 494,
1890 2394 2008 2458 524,

304 2477 422 2538 525,
452 2476 600 2539 1072,
640 2486 703 2525 v1
745 2477 845 2526 936
885 2471 1091 2541 scripsi,
1128 2489 1322 2526 verum
1366 2473 1548 2542 etiam,
1586 2473 1738 2542 quod
1770 2475 1865 2529 ille
1899 2492 2007 2530 non

301 2557 452 2626 fecit,
477 2558 644 2611 semel
671 2559 894 2611 meimet
918 2562 977 2612 et
1000 2567 1218 2614 vocaret
1240 2577 1340 2629 pro
1372 2567 1610 2629 vacaret,
1634 2560 1720 2615 bis
1750 2563 2007 2618 accedere

301 2659 411 2697 non
458 2642 704 2699 dubitavi
745 2644 1005 2714 recipere.
1053 2649 1300 2699 ceterum
1336 2645 1602 2700 vocabula
1640 2662 1782 2715 quae
1819 2647 2005 2702 Latini

303 2727 405 2781 sub
428 2744 538 2782 uno
568 2732 798 2783 accentu
838 2728 1089 2783 solebant
1122 2729 1384 2798 proferre,
1425 2733 1491 2784 ut
1528 2728 1878 2800 quicumque,
1913 2749 2006 2787 su·

296 2819 496 2881 pereat,
519 2806 830 2882 interdum,
867 2815 1179 2882 nimirum,
1207 2815 1460 2886 antehac,
1490 2815 1596 2869 alia
1630 2817 1878 2872 eiusdem
1910 2837 2005 2888 ge-

302 2899 462 2968 neris,
518 2916 735 2970 semper
792 2899 1125 2955 coniunctim
1183 2898 1397 2967 vulgari
1441 2900 1669 2969 ratione,
1717 2918 1824 2955 non
1880 2920 2004 2958 cum

304 2985 650 3042 Lachmanno
673 2987 971 3057 separatim
1008 2984 1235 3055 scripsi3
1268 3002 1390 3040 cum
1431 2986 1614 3055 potius
1653 2988 2005 3059 quiprimm,

301 3073 499 3142 aberis,
525 3091 690 3143 quam
731 3074 835 3143 qui
866 3089 1121 3143 eumque,
1155 3079 1285 3141 post
1321 3073 1428 3127 Ιιασ
1465 3072 1816 3126 scribendum
1858 3073 2006 3127 vide-

301 3161 471 3214 retur.
504 3163 792 3228 praeterea
825 3176 1002 3231 neque
1035 3176 1300 3229 erumna,
1339 3166 1487 3227 teter,
1533 3165 1756 3226 mestus,
1790 3173 2002 3225 meror,
