2259 3442
180 48 257 104 32
998 48 1072 107 ΙΙ

177 151 452 220 materies,
489 154 743 222 quoniam
776 154 949 208 minui
982 171 1100 210 rem
1136 171 1408 225 quamque
1443 155 1693 211 videmus

178 232 240 283 et
275 229 431 298 quasi
464 229 757 299 longinquo
793 230 966 285 fluere
1001 232 1183 285 omnia
1217 232 1492 286 cernimus
1529 249 1663 287 aevo

179 323 249 360 ex
284 306 563 376 oculisque
598 310 931 377 vetustatem
966 306 1272 362 subducere
1306 310 1518 373 nostris,
1840 325 1890 366 ’ῐο

178 400 301 436 cum
337 386 523 437 tamen
558 384 839 438 incolumis
872 384 1126 438 videatur
1162 400 1372 438 summa
1407 402 1626 441 manere

178 466 472 528 propterea
505 460 647 528 quia,
683 477 825 529 quae
861 460 1138 515 decedunt
1173 477 1402 529 corpora
1436 463 1646 530 cuique,

178 536 326 590 unde
361 536 571 590 abeunt
603 537 870 603 minuunt,
908 553 1017 605 quo
1055 553 1252 591 venero
1286 538 1540 606 augmine
1576 539 1804 607 donant,

177 611 272 666 illa
306 628 590 666 senescere
625 617 685 667 at
719 612 854 667 haec
889 616 1079 667 contra
1111 613 1401 669 florescere
1435 618 1653 683 cogunt,

177 704 279 742 nec
313 691 658 743 remorantur
691 688 785 743 ibi.
820 689 898 743 sic
931 706 1117 743 rerum
1155 706 1367 744 summa
1402 695 1633 746 novatur
1838 705 1887 747 75

180 781 408 834 semper,
444 768 505 819 et
540 765 686 819 inter
720 781 781 820 se
815 766 1074 819 mortales
1110 769 1303 820 mutua
1336 767 1540 824 vivunt.

178 845 480 910 augescunt
515 841 654 896 aliae
688 845 897 911 gentes,
934 842 1073 896 aliae
1107 842 1444 908 minuuntur,

178 918 343 985 inque
381 918 534 972 brevi
571 920 748 988 spatio
782 921 1068 973 mutantur
1103 919 1283 973 saecla
1317 920 1653 974 animantum

179 997 239 1049 ct
273 996 429 1064 quasi
466 1012 716 1050 cursores
752 996 885 1050 vitai
919 995 1174 1064 lampada
1208 995 1454 1051 tradunt.

251 1072 308 1126 Si
344 1089 559 1128 cessare
594 1076 756 1141 putas
792 1089 977 1126 rerum
1013 1071 1313 1140 primordia
1347 1088 1507 1140 posse
1838 1089 1889 1128 so

178 1149 549 1217 cessandoque
582 1165 750 1203 novos
784 1165 968 1203 rerum
1004 1148 1331 1217 progignere
1364 1151 1563 1212 motus,

178 1226 331 1278 avius
365 1242 400 1279 a
434 1242 563 1279 vera
597 1224 759 1294 longe
794 1225 1009 1279 ratione
1043 1224 1274 1292 vagaris,

179 1317 305 1354 nam
341 1302 593 1370 quoniam
628 1318 731 1370 per
763 1301 924 1354 inane
958 1303 1242 1369 vagantur,
1277 1303 1474 1354 cuncta
1505 1305 1781 1357 necessest

179 1380 276 1431 aut
310 1378 582 1445 gravitate
614 1393 713 1431 sua
746 1376 879 1430 ferri
915 1375 1218 1444 primordia
1252 1393 1438 1430 rerum

179 1456 278 1508 aut
311 1452 426 1507 ictu
458 1453 602 1506 forte
636 1452 876 1506 alterius.
911 1468 1037 1504 nam
1072 1468 1205 1505 cum
1240 1453 1350 1506 cita
1385 1469 1547 1522 saepo
1838 1469 1889 1508 85

179 1529 338 1583 obvia
373 1528 679 1595 conflixere,
719 1529 784 1582 fit
818 1532 883 1582 ut
919 1526 1134 1581 diversa
1167 1532 1397 1597 repente

179 1606 480 1671 dissiliant3
515 1622 694 1674 neque
728 1605 875 1659 enim
908 1605 1123 1672 mirum,
1161 1604 1452 1660 durissima
1485 1624 1625 1675 quae
1661 1606 1771 1660 sint

178 1682 513 1752 ponderibus
540 1682 726 1736 solidis
748 1698 924 1751 neque
949 1680 1240 1751 quicquam
1274 1698 1309 1735 a
1340 1684 1499 1751 tergo
1530 1683 1655 1737 ibus
1686 1683 1886 1738 obstet.

180 1764 239 1816 et
274 1776 384 1829 quo
417 1759 608 1827 iactari
643 1760 817 1828 magis
851 1759 1031 1813 omnia
1064 1759 1313 1813 materiai

179 1853 408 1907 corpora
442 1836 747 1904 pervideas,
780 1836 1128 1890 reminiscere
1164 1836 1337 1890 totius
1373 1835 1542 1889 imum
1841 1848 1891 1888 90

180 1914 255 1967 nil
293 1931 415 1969 esse
448 1915 506 1967 in
542 1929 769 1983 summa,
799 1930 978 1982 neque
1012 1912 1217 1967 habere
1252 1912 1348 1966 ubi
1383 1929 1612 1982 corpora
1644 1911 1822 1981 prima

181 1992 497 2058 consistant,
535 1992 790 2058 quoniam
826 1990 1063 2057 spatium
1098 1989 1216 2042 sine
1250 1989 1361 2043 fine
1397 1990 1725 2058 modoquest
1773 2001 1779 2006 ’

183 2067 597 2136 inmensumque
632 2070 826 2135 patere
860 2066 917 2118 in
952 2068 1174 2119 cunctas
1209 2065 1452 2132 undique
1486 2065 1662 2133 partis

181 2142 431 2212 pluribus
465 2142 681 2196 ostendi
714 2145 774 2195 et
808 2143 961 2195 certa
993 2140 1208 2193 ratione
1242 2139 1609 2204 probatumst.

180 2220 330 2287 quod
364 2218 619 2287 quoniam
653 2218 884 2282 constat,
918 2215 1174 2268 nimirum
1209 2214 1356 2266 nulla
1391 2214 1548 2281 quies
1583 2218 1670 2268 est
1842 2231 1893 2269 95

181 2294 406 2348 reddita
440 2292 758 2361 corporibus
792 2291 983 2359 primis
1016 2306 1118 2357 per
1152 2288 1313 2343 inane
1348 2289 1697 2357 profundum,

183 2371 283 2424 sed
316 2369 490 2437 magis
525 2366 757 2421 adsiduo
792 2366 1051 2433 varioque
1086 2365 1329 2418 exercita
1362 2369 1517 2419 motu

182 2447 383 2513 partim
420 2442 721 2499 intervallis
755 2443 964 2510 magnis
998 2439 1241 2496 confulta
1275 2442 1564 2508 resultant,

181 2539 311 2591 pars
347 2521 514 2577 etiam
548 2520 804 2573 brevibus
840 2519 1032 2589 spatiis
1067 2522 1337 2573 vexantur
1371 2519 1441 2572 ab
1475 2519 1606 2574 ictu.

182 2603 242 2653 et
276 2614 650 2669 quaecumque
684 2597 858 2666 magis
892 2597 1165 2651 condenso
1201 2596 1490 2651 conciliatu
1824 2610 1898 2650 100

183 2675 395 2744 exiguis
429 2674 733 2729 intervallis
768 2676 1024 2729 convecta
1058 2673 1345 2740 resultant,

183 2751 509 2820 indupedita
545 2752 656 2804 suis
690 2751 964 2820 perplexis
997 2750 1118 2820 ipsa
1153 2749 1357 2817 figuris,

187 2827 321 2881 haec
357 2827 565 2879 validas
604 2828 719 2880 saxi
754 2826 969 2881 radices
1005 2830 1064 2881 et
1100 2827 1218 2880 fera
1251 2825 1386 2879 ferri

134 2938 171 2991 ἐκ
186 2918 413 2971 corpora
447 2902 786 2957 constituunt
821 2907 880 2957 et
914 2907 1098 2958 cetera
1132 2904 1200 2956 de
1232 2917 1440 2970 genere
1467 2900 1676 2955 horum.

188 2995 408 3029 PAUOUIA
427 2995 559 3034 QUAE
579 2995 731 3027 Pontio
752 2996 970 3028 MAGNUM
991 2998 1082 3029 PER
1101 2995 1256 3028 INANE
1275 2993 1545 3026 VAGANTUB.
1825 2989 1898 3032 1G5

188 3066 266 3113 set
298 3076 441 3127 quae
476 3057 750 3112 dissiliunt
784 3058 945 3126 longe
978 3059 1249 3127 longeque
1283 3059 1570 3112 recursant

185 3136 242 3178 in
279 3135 490 3205 magnis
525 3134 842 3190 intervallis.
879 3135 1015 3188 hacc
1049 3150 1179 3188 acra
1214 3148 1399 3187 rarum
