<?xml version="1.0" encoding="UTF-8"?>
<!DOCTYPE html PUBLIC "-//W3C//DTD XHTML 1.0 Transitional//EN"
    "http://www.w3.org/TR/xhtml1/DTD/xhtml1-transitional.dtd">
<html xmlns="http://www.w3.org/1999/xhtml" xml:lang="en" lang="en">
 <head>
  <title>
</title>
<meta http-equiv="Content-Type" content="text/html;charset=utf-8" />
  <meta name='ocr-system' content='tesseract 3.04.00' />
  <meta name='ocr-capabilities' content='ocr_page ocr_carea ocr_par ocr_line ocrx_word'/>
</head>
<body>
  <div class='ocr_page' id='page_1' title='image "./tlucreticarider03unkngoog_0020.png"; bbox 0 0 2259 3442; ppageno 0'>
   <div class='ocr_carea' id='block_1_1' title="bbox 1064 90 1156 141">
    <p class='ocr_par' dir='ltr' id='par_1_1' title="bbox 1064 90 1156 141">
     <span class='ocr_line' id='line_1_1' title="bbox 1064 90 1156 141; baseline -0.011 0"><span class='ocrx_word' id='word_1_1' title='bbox 1064 90 1156 141; x_wconf 82' lang='lat' dir='ltr'>xiv</span> 
     </span>
    </p>
   </div>
   <div class='ocr_carea' id='block_1_2' title="bbox 249 219 1962 549">
    <p class='ocr_par' dir='ltr' id='par_1_2' title="bbox 249 219 1962 549">
     <span class='ocr_line' id='line_1_2' title="bbox 302 219 1960 292; baseline -0.001 -16"><span class='ocrx_word' id='word_1_2' title='bbox 302 252 310 261; x_wconf 84' lang='lat'><strong>·</strong></span> <span class='ocrx_word' id='word_1_3' title='bbox 355 227 457 277; x_wconf 84' lang='lat'>522</span> <span class='ocrx_word' id='word_1_4' title='bbox 487 239 625 291; x_wconf 75' lang='lat' dir='ltr'>sqq.</span> <span class='ocrx_word' id='word_1_5' title='bbox 670 219 962 288; x_wconf 83' lang='lat' dir='ltr'>insignitor</span> <span class='ocrx_word' id='word_1_6' title='bbox 1008 219 1098 272; x_wconf 89' lang='lat' dir='ltr'>hic</span> <span class='ocrx_word' id='word_1_7' title='bbox 1145 219 1356 274; x_wconf 76' lang='lat' dir='ltr'>fallitur</span> <span class='ocrx_word' id='word_1_8' title='bbox 1404 219 1802 288; x_wconf 88' lang='lat' dir='ltr'>Lachmannus,</span> <span class='ocrx_word' id='word_1_9' title='bbox 1851 221 1960 292; x_wconf 89' lang='lat' dir='ltr'>qui,</span> 
     </span>
     <span class='ocr_line' id='line_1_3' title="bbox 251 303 1962 376; baseline 0.001 -16"><span class='ocrx_word' id='word_1_10' title='bbox 251 308 533 361; x_wconf 81' lang='lat'>522—528</span> <span class='ocrx_word' id='word_1_11' title='bbox 558 305 710 360; x_wconf 87' lang='lat' dir='ltr'>uncis</span> <span class='ocrx_word' id='word_1_12' title='bbox 734 304 967 373; x_wconf 77' lang='lat' dir='ltr'>inclusiS,</span> <span class='ocrx_word' id='word_1_13' title='bbox 992 303 1049 357; x_wconf 92' lang='lat' dir='ltr'>in</span> <span class='ocrx_word' id='word_1_14' title='bbox 1075 310 1176 359; x_wconf 83' lang='lat'>529</span> <span class='ocrx_word' id='word_1_15' title='bbox 1208 321 1311 373; x_wconf 90' lang='lat' dir='ltr'>pro</span> <span class='ocrx_word' id='word_1_16' title='bbox 1343 314 1631 356; x_wconf 76' lang='lat' dir='ltr'>VERSIBUS</span> <span class='ocrx_word' id='word_1_17' title='bbox 1662 305 1800 375; x_wconf 80' lang='lat' dir='ltr'>legit</span> <span class='ocrx_word' id='word_1_18' title='bbox 1820 324 1962 376; x_wconf 84' lang='lat' dir='ltr'>pro-</span> 
     </span>
     <span class='ocr_line' id='line_1_4' title="bbox 252 390 1959 461; baseline 0.002 -16"><span class='ocrx_word' id='word_1_19' title='bbox 252 392 337 446; x_wconf 72' lang='grc' dir='ltr'>τίη</span> <span class='ocrx_word' id='word_1_20' title='bbox 345 409 412 446; x_wconf 70' lang='lat' dir='ltr'>us</span> <span class='ocrx_word' id='word_1_21' title='bbox 459 408 765 461; x_wconf 83' lang='lat' dir='ltr'>novamque</span> <span class='ocrx_word' id='word_1_22' title='bbox 820 390 947 444; x_wconf 88' lang='lat' dir='ltr'>hinc</span> <span class='ocrx_word' id='word_1_23' title='bbox 1013 391 1391 459; x_wconf 80' lang='lat' dir='ltr'>quaestionem</span> <span class='ocrx_word' id='word_1_24' title='bbox 1438 391 1682 460; x_wconf 79' lang='lat' dir='ltr'>coepisse</span> <span class='ocrx_word' id='word_1_25' title='bbox 1748 392 1959 448; x_wconf 85' lang='lat' dir='ltr'>statuit.</span> 
     </span>
     <span class='ocr_line' id='line_1_5' title="bbox 249 477 1962 549; baseline 0 -17"><span class='ocrx_word' id='word_1_26' title='bbox 249 478 427 532; x_wconf 88' lang='lat' dir='ltr'>locum</span> <span class='ocrx_word' id='word_1_27' title='bbox 445 479 645 546; x_wconf 85' lang='lat' dir='ltr'>sanavi,</span> <span class='ocrx_word' id='word_1_28' title='bbox 670 495 770 549; x_wconf 89' lang='lat' dir='ltr'>pro</span> <span class='ocrx_word' id='word_1_29' title='bbox 795 492 1116 532; x_wconf 78' lang='lat' dir='ltr'>OSTENDAM</span> <span class='ocrx_word' id='word_1_30' title='bbox 1142 477 1429 532; x_wconf 88' lang='lat' dir='ltr'>scribendo</span> <span class='ocrx_word' id='word_1_31' title='bbox 1453 478 1754 533; x_wconf 67' lang='lat' dir='ltr'>ostenden&amp;</span> <span class='ocrx_word' id='word_1_32' title='bbox 1781 478 1853 531; x_wconf 83' lang='lat' dir='ltr'>de</span> <span class='ocrx_word' id='word_1_33' title='bbox 1876 478 1962 532; x_wconf 89' lang='lat' dir='ltr'>his</span> 
     </span>
    </p>
   </div>
   <div class='ocr_carea' id='block_1_3' title="bbox 250 562 1962 636">
    <p class='ocr_par' dir='ltr' id='par_1_3' title="bbox 250 562 1962 636">
     <span class='ocr_line' id='line_1_6' title="bbox 250 562 1962 636; baseline -0.001 -16"><span class='ocrx_word' id='word_1_34' title='bbox 250 569 436 620; x_wconf 82' lang='lat' dir='ltr'>autem</span> <span class='ocrx_word' id='word_1_35' title='bbox 484 567 733 621; x_wconf 83' lang='lat' dir='ltr'>versibus</span> <span class='ocrx_word' id='word_1_36' title='bbox 779 567 940 636; x_wconf 82' lang='lat' dir='ltr'>plene</span> <span class='ocrx_word' id='word_1_37' title='bbox 979 566 1216 620; x_wconf 87' lang='lat' dir='ltr'>disserui</span> <span class='ocrx_word' id='word_1_38' title='bbox 1259 565 1315 618; x_wconf 91' lang='lat' dir='ltr'>in</span> <span class='ocrx_word' id='word_1_39' title='bbox 1363 580 1488 618; x_wconf 86' lang='lat' dir='ltr'>ann.</span> <span class='ocrx_word' id='word_1_40' title='bbox 1529 563 1657 632; x_wconf 88' lang='lat' dir='ltr'>phil.</span> <span class='ocrx_word' id='word_1_41' title='bbox 1701 562 1857 618; x_wconf 84' lang='lat' dir='ltr'>Cant.</span> <span class='ocrx_word' id='word_1_42' title='bbox 1899 580 1962 618; x_wconf 89' lang='lat' dir='ltr'>Iv</span> 
     </span>
    </p>
   </div>
   <div class='ocr_carea' id='block_1_4' title="bbox 250 657 1961 808">
    <p class='ocr_par' dir='ltr' id='par_1_4' title="bbox 250 657 1961 808">
     <span class='ocr_line' id='line_1_7' title="bbox 291 657 574 706; baseline 0.004 -1"><span class='ocrx_word' id='word_1_43' title='bbox 291 693 302 705; x_wconf 90' lang='lat'><strong>.</strong></span> <span class='ocrx_word' id='word_1_44' title='bbox 331 657 430 705; x_wconf 87' lang='lat'>143</span> <span class='ocrx_word' id='word_1_45' title='bbox 455 669 482 705; x_wconf 92' lang='lat' dir='ltr'>s</span> <span class='ocrx_word' id='word_1_46' title='bbox 563 694 574 706; x_wconf 89' lang='lat'>.</span> 
     </span>
     <span class='ocr_line' id='line_1_8' title="bbox 250 668 1961 808; baseline -0.001 -16"><span class='ocrx_word' id='word_1_47' title='bbox 250 668 289 721; x_wconf 73' lang='lat' dir='ltr'><strong>p</strong></span> <span class='ocrx_word' id='word_1_48' title='bbox 356 743 457 796; x_wconf 88' lang='lat'>547</span> <span class='ocrx_word' id='word_1_49' title='bbox 481 668 583 808; x_wconf 55' lang='lat'>33⁰</span> <span class='ocrx_word' id='word_1_50' title='bbox 619 750 867 792; x_wconf 72' lang='lat' dir='ltr'>SUMAN&#39;I·</span> <span class='ocrx_word' id='word_1_51' title='bbox 898 751 1076 792; x_wconf 83' lang='lat' dir='ltr'>ocULI</span> <span class='ocrx_word' id='word_1_52' title='bbox 1112 738 1308 807; x_wconf 80' lang='lat' dir='ltr'>scripsi</span> <span class='ocrx_word' id='word_1_53' title='bbox 1343 753 1573 791; x_wconf 71' lang='lat' dir='ltr'>sumam</span> <span class='ocrx_word' id='word_1_54' title='bbox 1608 737 1711 791; x_wconf 76' lang='lat' dir='ltr'>hoc</span> <span class='ocrx_word' id='word_1_55' title='bbox 1745 753 1961 804; x_wconf 76' lang='lat' dir='ltr'><em>quoquo</em></span> 
     </span>
    </p>
   </div>
   <div class='ocr_carea' id='block_1_5' title="bbox 243 822 1961 3214">
    <p class='ocr_par' dir='ltr' id='par_1_5' title="bbox 255 822 1635 880">
     <span class='ocr_line' id='line_1_9' title="bbox 255 822 1635 880; baseline 0.002 -4"><span class='ocrx_word' id='word_1_56' title='bbox 255 823 358 877; x_wconf 80' lang='lat' dir='ltr'>uti.</span> <span class='ocrx_word' id='word_1_57' title='bbox 430 824 763 880; x_wconf 82' lang='lat' dir='ltr'>mirabiliter</span> <span class='ocrx_word' id='word_1_58' title='bbox 787 825 1172 879; x_wconf 85' lang='lat' dir='ltr'>Lachmannus</span> <span class='ocrx_word' id='word_1_59' title='bbox 1194 825 1250 878; x_wconf 75' lang='lat' dir='ltr'>si</span> <span class='ocrx_word' id='word_1_60' title='bbox 1271 822 1635 879; x_wconf 79' lang='lat' dir='ltr'>manticuler.</span> 
     </span>
    </p>

    <p class='ocr_par' dir='ltr' id='par_1_6' title="bbox 248 908 1961 1053">
     <span class='ocr_line' id='line_1_10' title="bbox 356 908 1961 986; baseline 0.001 -23"><span class='ocrx_word' id='word_1_61' title='bbox 356 915 455 963; x_wconf 81' lang='lat'>615</span> <span class='ocrx_word' id='word_1_62' title='bbox 494 926 596 979; x_wconf 90' lang='lat' dir='ltr'>pro</span> <span class='ocrx_word' id='word_1_63' title='bbox 635 923 892 964; x_wconf 75' lang='lat' dir='ltr'>INVENTI</span> <span class='ocrx_word' id='word_1_64' title='bbox 924 923 1059 963; x_wconf 73' lang='lat' dir='ltr'>SINT</span> <span class='ocrx_word' id='word_1_65' title='bbox 1096 909 1477 963; x_wconf 81' lang='lat' dir='ltr'>Lachmannus</span> <span class='ocrx_word' id='word_1_66' title='bbox 1515 908 1731 986; x_wconf 79' lang='lat' dir='ltr'>inverso</span> <span class='ocrx_word' id='word_1_67' title='bbox 1766 908 1961 964; x_wconf 79' lang='lat' dir='ltr'>ordino</span> 
     </span>
     <span class='ocr_line' id='line_1_11' title="bbox 248 994 630 1053; baseline 0.016 -6"><span class='ocrx_word' id='word_1_68' title='bbox 248 994 368 1048; x_wconf 74' lang='lat' dir='ltr'>sint</span> <span class='ocrx_word' id='word_1_69' title='bbox 392 994 630 1053; x_wconf 78' lang='lat' dir='ltr'>inventi.</span> 
     </span>
    </p>

    <p class='ocr_par' dir='ltr' id='par_1_7' title="bbox 250 1081 1959 1239">
     <span class='ocr_line' id='line_1_12' title="bbox 355 1081 1959 1152; baseline -0.001 -14"><span class='ocrx_word' id='word_1_70' title='bbox 355 1088 633 1139; x_wconf 82' lang='lat'>658—660</span> <span class='ocrx_word' id='word_1_71' title='bbox 665 1084 760 1152; x_wconf 87' lang='lat' dir='ltr'>qui</span> <span class='ocrx_word' id='word_1_72' title='bbox 792 1084 850 1138; x_wconf 87' lang='lat' dir='ltr'>in</span> <span class='ocrx_word' id='word_1_73' title='bbox 879 1082 1036 1137; x_wconf 88' lang='lat' dir='ltr'>libris</span> <span class='ocrx_word' id='word_1_74' title='bbox 1068 1098 1288 1137; x_wconf 79' lang='lat' dir='ltr'>vorsum</span> <span class='ocrx_word' id='word_1_75' title='bbox 1322 1086 1419 1134; x_wconf 89' lang='lat'>651</span> <span class='ocrx_word' id='word_1_76' title='bbox 1451 1083 1725 1148; x_wconf 84' lang='lat' dir='ltr'>secuntur,</span> <span class='ocrx_word' id='word_1_77' title='bbox 1747 1081 1959 1150; x_wconf 88' lang='lat' dir='ltr'>primus</span> 
     </span>
     <span class='ocr_line' id='line_1_13' title="bbox 250 1165 1956 1239; baseline 0.001 -17"><span class='ocrx_word' id='word_1_78' title='bbox 250 1168 356 1223; x_wconf 88' lang='lat' dir='ltr'>huc</span> <span class='ocrx_word' id='word_1_79' title='bbox 378 1170 650 1226; x_wconf 83' lang='lat' dir='ltr'>transtuli.</span> <span class='ocrx_word' id='word_1_80' title='bbox 698 1186 826 1224; x_wconf 88' lang='lat' dir='ltr'>nam</span> <span class='ocrx_word' id='word_1_81' title='bbox 849 1172 1080 1239; x_wconf 83' lang='lat' dir='ltr'>apparet</span> <span class='ocrx_word' id='word_1_82' title='bbox 1102 1169 1294 1235; x_wconf 79' lang='lat' dir='ltr'>itaque</span> <span class='ocrx_word' id='word_1_83' title='bbox 1316 1167 1374 1220; x_wconf 86' lang='lat' dir='ltr'>in</span> <span class='ocrx_word' id='word_1_84' title='bbox 1399 1172 1497 1221; x_wconf 88' lang='lat'>661</span> <span class='ocrx_word' id='word_1_85' title='bbox 1525 1165 1600 1219; x_wconf 86' lang='lat' dir='ltr'>ad</span> <span class='ocrx_word' id='word_1_86' title='bbox 1624 1166 1723 1220; x_wconf 85' lang='lat' dir='ltr'>hos</span> <span class='ocrx_word' id='word_1_87' title='bbox 1745 1167 1956 1223; x_wconf 82' lang='lat' dir='ltr'>referri.</span> 
     </span>
    </p>

    <p class='ocr_par' dir='ltr' id='par_1_8' title="bbox 248 1251 1958 1397">
     <span class='ocr_line' id='line_1_14' title="bbox 355 1251 1958 1325; baseline -0.002 -15"><span class='ocrx_word' id='word_1_88' title='bbox 355 1261 457 1314; x_wconf 90' lang='grc'>674</span> <span class='ocrx_word' id='word_1_89' title='bbox 490 1272 592 1325; x_wconf 89' lang='lat' dir='ltr'>pro</span> <span class='ocrx_word' id='word_1_90' title='bbox 626 1267 998 1309; x_wconf 77' lang='lat' dir='ltr'><strong>TRADUNTUR</strong></span> <span class='ocrx_word' id='word_1_91' title='bbox 1033 1254 1226 1324; x_wconf 80' lang='lat' dir='ltr'>scripsi</span> <span class='ocrx_word' id='word_1_92' title='bbox 1249 1252 1515 1307; x_wconf 74' lang='lat' dir='ltr'>condunt.</span> <span class='ocrx_word' id='word_1_93' title='bbox 1577 1251 1958 1307; x_wconf 86' lang='lat' dir='ltr'>Lachmannus</span> 
     </span>
     <span class='ocr_line' id='line_1_15' title="bbox 248 1342 442 1397; baseline 0 -2"><span class='ocrx_word' id='word_1_94' title='bbox 248 1342 442 1397; x_wconf 79' lang='lat' dir='ltr'>celant.</span> 
     </span>
    </p>

    <p class='ocr_par' dir='ltr' id='par_1_9' title="bbox 247 1421 1958 1667">
     <span class='ocr_line' id='line_1_16' title="bbox 353 1421 1958 1495; baseline -0.002 -14"><span class='ocrx_word' id='word_1_95' title='bbox 353 1433 452 1482; x_wconf 89' lang='grc'>681</span> <span class='ocrx_word' id='word_1_96' title='bbox 494 1443 564 1481; x_wconf 85' lang='lat' dir='ltr'>ne</span> <span class='ocrx_word' id='word_1_97' title='bbox 601 1442 767 1480; x_wconf 84' lang='lat' dir='ltr'>unam</span> <span class='ocrx_word' id='word_1_98' title='bbox 806 1425 1031 1495; x_wconf 83' lang='lat' dir='ltr'>quidem</span> <span class='ocrx_word' id='word_1_99' title='bbox 1068 1424 1315 1479; x_wconf 77' lang='lat' dir='ltr'>litteram</span> <span class='ocrx_word' id='word_1_100' title='bbox 1354 1421 1589 1476; x_wconf 84' lang='lat' dir='ltr'>mutavi:</span> <span class='ocrx_word' id='word_1_101' title='bbox 1638 1421 1802 1476; x_wconf 81' lang='lat' dir='ltr'>aliter</span> <span class='ocrx_word' id='word_1_102' title='bbox 1837 1425 1958 1477; x_wconf 86' lang='lat' dir='ltr'>tan-</span> 
     </span>
     <span class='ocr_line' id='line_1_17' title="bbox 247 1509 1958 1582; baseline -0.005 -15"><span class='ocrx_word' id='word_1_103' title='bbox 247 1516 382 1581; x_wconf 88' lang='lat' dir='ltr'>tum,</span> <span class='ocrx_word' id='word_1_104' title='bbox 415 1516 584 1582; x_wconf 82' lang='lat' dir='ltr'>atque</span> <span class='ocrx_word' id='word_1_105' title='bbox 632 1511 819 1580; x_wconf 81' lang='lat' dir='ltr'>ceteri,</span> <span class='ocrx_word' id='word_1_106' title='bbox 858 1510 1161 1565; x_wconf 83' lang='lat' dir='ltr'>orationem</span> <span class='ocrx_word' id='word_1_107' title='bbox 1201 1509 1443 1563; x_wconf 77' lang='lat' dir='ltr'>distinxi.</span> <span class='ocrx_word' id='word_1_108' title='bbox 1503 1523 1604 1577; x_wconf 90' lang='lat' dir='ltr'>pro</span> <span class='ocrx_word' id='word_1_109' title='bbox 1646 1519 1958 1568; x_wconf 77' lang='lat' dir='ltr'><strong>PLERAQUE</strong></span> 
     </span>
     <span class='ocr_line' id='line_1_18' title="bbox 250 1598 947 1667; baseline -0.001 -15"><span class='ocrx_word' id='word_1_110' title='bbox 250 1599 630 1653; x_wconf 86' lang='lat' dir='ltr'>Lachmannus</span> <span class='ocrx_word' id='word_1_111' title='bbox 644 1598 947 1667; x_wconf 78' lang='lat' dir='ltr'><em>pluraque.</em></span> 
     </span>
    </p>

    <p class='ocr_par' dir='ltr' id='par_1_10' title="bbox 246 1679 1955 1924">
     <span class='ocr_line' id='line_1_19' title="bbox 355 1679 1955 1754; baseline -0.003 -15"><span class='ocrx_word' id='word_1_112' title='bbox 355 1690 455 1739; x_wconf 84' lang='lat'>693</span> <span class='ocrx_word' id='word_1_113' title='bbox 511 1700 613 1754; x_wconf 89' lang='lat' dir='ltr'>pro</span> <span class='ocrx_word' id='word_1_114' title='bbox 666 1692 820 1734; x_wconf 78' lang='lat' dir='ltr'>IDEM</span> <span class='ocrx_word' id='word_1_115' title='bbox 877 1682 1205 1737; x_wconf 85' lang='lat' dir='ltr'>Lambinum</span> <span class='ocrx_word' id='word_1_116' title='bbox 1253 1685 1476 1736; x_wconf 80' lang='lat' dir='ltr'>secutus</span> <span class='ocrx_word' id='word_1_117' title='bbox 1524 1679 1704 1734; x_wconf 78' lang='lat' dir='ltr'>isdem</span> <span class='ocrx_word' id='word_1_118' title='bbox 1750 1679 1955 1750; x_wconf 85' lang='lat' dir='ltr'>scripsi.</span> 
     </span>
     <span class='ocr_line' id='line_1_20' title="bbox 249 1758 1955 1838; baseline -0.002 -15"><span class='ocrx_word' id='word_1_119' title='bbox 249 1769 643 1837; x_wconf 83' lang='lat' dir='ltr'>Lachmannus,</span> <span class='ocrx_word' id='word_1_120' title='bbox 684 1769 778 1838; x_wconf 90' lang='lat' dir='ltr'>qui</span> <span class='ocrx_word' id='word_1_121' title='bbox 813 1758 1052 1823; x_wconf 79' lang='lat' dir='ltr'>formam¹</span> <span class='ocrx_word' id='word_1_122' title='bbox 1081 1769 1263 1822; x_wconf 73' lang='lat' dir='ltr'>isdem</span> <span class='ocrx_word' id='word_1_123' title='bbox 1298 1784 1332 1820; x_wconf 89' lang='lat' dir='ltr'>a</span> <span class='ocrx_word' id='word_1_124' title='bbox 1368 1765 1625 1819; x_wconf 85' lang='lat' dir='ltr'>Lucretio</span> <span class='ocrx_word' id='word_1_125' title='bbox 1662 1763 1955 1833; x_wconf 86' lang='lat' dir='ltr'>abiudicat,</span> 
     </span>
     <span class='ocr_line' id='line_1_21' title="bbox 246 1854 988 1924; baseline 0 -16"><span class='ocrx_word' id='word_1_126' title='bbox 246 1871 347 1924; x_wconf 89' lang='lat' dir='ltr'>pro</span> <span class='ocrx_word' id='word_1_127' title='bbox 372 1867 581 1907; x_wconf 78' lang='lat' dir='ltr'>NULLA</span> <span class='ocrx_word' id='word_1_128' title='bbox 605 1855 797 1910; x_wconf 80' lang='lat' dir='ltr'>scribit</span> <span class='ocrx_word' id='word_1_129' title='bbox 823 1854 988 1909; x_wconf 74' lang='lat' dir='ltr'>nulli.</span> 
     </span>
    </p>

    <p class='ocr_par' dir='ltr' id='par_1_11' title="bbox 245 1940 1957 2266">
     <span class='ocr_line' id='line_1_22' title="bbox 353 1940 1957 2013; baseline 0.001 -15"><span class='ocrx_word' id='word_1_130' title='bbox 353 1944 452 1999; x_wconf 84' lang='lat'>719</span> <span class='ocrx_word' id='word_1_131' title='bbox 486 1942 889 2011; x_wconf 82' lang='lat' dir='ltr'>ineptissimum</span> <span class='ocrx_word' id='word_1_132' title='bbox 922 1945 1010 1996; x_wconf 83' lang='lat' dir='ltr'>est</span> <span class='ocrx_word' id='word_1_133' title='bbox 1042 1952 1374 2006; x_wconf 80' lang='lat' dir='ltr'><strong>QUAEDAM;</strong></span> <span class='ocrx_word' id='word_1_134' title='bbox 1407 1940 1597 2011; x_wconf 81' lang='lat' dir='ltr'>itaque</span> <span class='ocrx_word' id='word_1_135' title='bbox 1627 1943 1957 2013; x_wconf 81' lang='lat' dir='ltr'>Bernaysius</span> 
     </span>
     <span class='ocr_line' id='line_1_23' title="bbox 245 2025 1955 2100; baseline 0.002 -20"><span class='ocrx_word' id='word_1_136' title='bbox 245 2027 409 2096; x_wconf 71' lang='lat' dir='ltr'>hisce,</span> <span class='ocrx_word' id='word_1_137' title='bbox 449 2029 641 2082; x_wconf 70' lang='lat' dir='ltr'>eadem</span> <span class='ocrx_word' id='word_1_138' title='bbox 676 2045 778 2097; x_wconf 90' lang='lat' dir='ltr'>pro</span> <span class='ocrx_word' id='word_1_139' title='bbox 816 2028 927 2096; x_wconf 74' lang='lat' dir='ltr'>his,</span> <span class='ocrx_word' id='word_1_140' title='bbox 959 2027 1250 2096; x_wconf 77' lang='lat' dir='ltr'><strong><em>quaedam,</em></strong></span> <span class='ocrx_word' id='word_1_141' title='bbox 1288 2028 1347 2080; x_wconf 82' lang='lat' dir='ltr'>et</span> <span class='ocrx_word' id='word_1_142' title='bbox 1384 2025 1441 2079; x_wconf 94' lang='lat' dir='ltr'>in</span> <span class='ocrx_word' id='word_1_143' title='bbox 1481 2027 1591 2083; x_wconf 84' lang='lat' dir='ltr'>fine</span> <span class='ocrx_word' id='word_1_144' title='bbox 1630 2046 1818 2084; x_wconf 82' lang='lat' dir='ltr'>versus</span> <span class='ocrx_word' id='word_1_145' title='bbox 1854 2047 1955 2100; x_wconf 89' lang='lat' dir='ltr'>pro</span> 
     </span>
     <span class='ocr_line' id='line_1_24' title="bbox 247 2109 1952 2181; baseline 0.001 -16"><span class='ocrx_word' id='word_1_146' title='bbox 247 2125 433 2166; x_wconf 79' lang='lat' dir='ltr'>OMNIS</span> <span class='ocrx_word' id='word_1_147' title='bbox 457 2112 593 2181; x_wconf 82' lang='lat' dir='ltr'>legit</span> <span class='ocrx_word' id='word_1_148' title='bbox 618 2129 793 2166; x_wconf 77' lang='lat' dir='ltr'>omne.</span> <span class='ocrx_word' id='word_1_149' title='bbox 837 2111 935 2165; x_wconf 85' lang='lat' dir='ltr'>scd</span> <span class='ocrx_word' id='word_1_150' title='bbox 958 2127 1122 2164; x_wconf 75' lang='lat' dir='ltr'>omne</span> <span class='ocrx_word' id='word_1_151' title='bbox 1146 2109 1405 2178; x_wconf 85' lang='lat' dir='ltr'>displicet</span> <span class='ocrx_word' id='word_1_152' title='bbox 1428 2111 1507 2165; x_wconf 88' lang='lat' dir='ltr'>sic</span> <span class='ocrx_word' id='word_1_153' title='bbox 1528 2112 1677 2166; x_wconf 83' lang='lat' dir='ltr'><strong>nude</strong></span> <span class='ocrx_word' id='word_1_154' title='bbox 1699 2113 1952 2181; x_wconf 86' lang='lat' dir='ltr'>positum.</span> 
     </span>
     <span class='ocr_line' id='line_1_25' title="bbox 247 2195 1954 2266; baseline 0.001 -15"><span class='ocrx_word' id='word_1_155' title='bbox 247 2197 627 2253; x_wconf 82' lang='lat' dir='ltr'>Lachmannus</span> <span class='ocrx_word' id='word_1_156' title='bbox 643 2198 853 2251; x_wconf 81' lang='lat' dir='ltr'>omnia.</span> <span class='ocrx_word' id='word_1_157' title='bbox 885 2197 1005 2266; x_wconf 83' lang='lat' dir='ltr'>ipse</span> <span class='ocrx_word' id='word_1_158' title='bbox 1030 2196 1224 2265; x_wconf 87' lang='lat' dir='ltr'>scripsi</span> <span class='ocrx_word' id='word_1_159' title='bbox 1246 2195 1412 2264; x_wconf 74' lang='lat' dir='ltr'>hisce,</span> <span class='ocrx_word' id='word_1_160' title='bbox 1435 2213 1500 2249; x_wconf 85' lang='lat' dir='ltr'>ea</span> <span class='ocrx_word' id='word_1_161' title='bbox 1515 2214 1604 2250; x_wconf 74' lang='lat' dir='ltr'>res</span> <span class='ocrx_word' id='word_1_162' title='bbox 1618 2214 1665 2251; x_wconf 88' lang='lat' dir='ltr'>r.</span> <span class='ocrx_word' id='word_1_163' title='bbox 1685 2197 1737 2252; x_wconf 84' lang='lat' dir='ltr'>d.</span> <span class='ocrx_word' id='word_1_164' title='bbox 1754 2200 1954 2253; x_wconf 68' lang='lat' dir='ltr'>omni-e.</span> 
     </span>
    </p>

    <p class='ocr_par' dir='ltr' id='par_1_12' title="bbox 243 2281 1956 2868">
     <span class='ocr_line' id='line_1_26' title="bbox 352 2281 1952 2353; baseline 0.001 -16"><span class='ocrx_word' id='word_1_165' title='bbox 352 2289 453 2342; x_wconf 88' lang='lat'>734</span> <span class='ocrx_word' id='word_1_166' title='bbox 492 2299 595 2353; x_wconf 88' lang='lat' dir='ltr'>pro</span> <span class='ocrx_word' id='word_1_167' title='bbox 647 2294 766 2342; x_wconf 68' lang='lat' dir='ltr'>QUI:</span> <span class='ocrx_word' id='word_1_168' title='bbox 785 2325 794 2334; x_wconf 94' lang='lat'><strong>.</strong></span> <span class='ocrx_word' id='word_1_169' title='bbox 815 2326 824 2335; x_wconf 94' lang='lat'><strong>.</strong></span> <span class='ocrx_word' id='word_1_170' title='bbox 844 2294 1066 2333; x_wconf 79' lang='lat' dir='ltr'>COLORE</span> <span class='ocrx_word' id='word_1_171' title='bbox 1118 2281 1500 2335; x_wconf 88' lang='lat' dir='ltr'>Lachmannus</span> <span class='ocrx_word' id='word_1_172' title='bbox 1549 2298 1656 2349; x_wconf 79' lang='lat' dir='ltr'>quo</span> <span class='ocrx_word' id='word_1_173' title='bbox 1760 2285 1952 2339; x_wconf 77' lang='lat' dir='ltr'>colore.</span> 
     </span>
     <span class='ocr_line' id='line_1_27' title="bbox 244 2366 1954 2435; baseline 0 -11"><span class='ocrx_word' id='word_1_174' title='bbox 244 2373 488 2424; x_wconf 83' lang='lat' dir='ltr'>cetorum</span> <span class='ocrx_word' id='word_1_175' title='bbox 512 2367 615 2421; x_wconf 85' lang='lat' dir='ltr'>loci</span> <span class='ocrx_word' id='word_1_176' title='bbox 640 2382 879 2420; x_wconf 80' lang='lat' dir='ltr'>conexus</span> <span class='ocrx_word' id='word_1_177' title='bbox 911 2370 970 2420; x_wconf 85' lang='lat' dir='ltr'>ct</span> <span class='ocrx_word' id='word_1_178' title='bbox 1003 2367 1277 2421; x_wconf 79' lang='lat' dir='ltr'>sententia</span> <span class='ocrx_word' id='word_1_179' title='bbox 1310 2366 1526 2435; x_wconf 86' lang='lat' dir='ltr'>flagitat</span> <span class='ocrx_word' id='word_1_180' title='bbox 1560 2367 1954 2424; x_wconf 84' lang='lat' dir='ltr'>nominativum</span> 
     </span>
     <span class='ocr_line' id='line_1_28' title="bbox 245 2452 1955 2525; baseline 0.001 -15"><span class='ocrx_word' id='word_1_181' title='bbox 245 2472 402 2525; x_wconf 80' lang='lat' dir='ltr'><strong><em>quae.</em></strong></span> <span class='ocrx_word' id='word_1_182' title='bbox 428 2456 596 2523; x_wconf 81' lang='lat' dir='ltr'>nogat</span> <span class='ocrx_word' id='word_1_183' title='bbox 621 2452 844 2521; x_wconf 85' lang='lat' dir='ltr'>quidem</span> <span class='ocrx_word' id='word_1_184' title='bbox 869 2454 1248 2508; x_wconf 88' lang='lat' dir='ltr'>Lachmannus</span> <span class='ocrx_word' id='word_1_185' title='bbox 1268 2453 1470 2507; x_wconf 77' lang='lat' dir='ltr'>inbuta</span> <span class='ocrx_word' id='word_1_186' title='bbox 1493 2455 1733 2510; x_wconf 81' lang='lat' dir='ltr'>colorem</span> <span class='ocrx_word' id='word_1_187' title='bbox 1758 2455 1955 2511; x_wconf 83' lang='lat' dir='ltr'>Latino</span> 
     </span>
     <span class='ocr_line' id='line_1_29' title="bbox 246 2541 1955 2612; baseline 0.001 -16"><span class='ocrx_word' id='word_1_188' title='bbox 246 2542 355 2597; x_wconf 83' lang='lat' dir='ltr'>dici</span> <span class='ocrx_word' id='word_1_189' title='bbox 378 2557 549 2610; x_wconf 86' lang='lat' dir='ltr'>posse.</span> <span class='ocrx_word' id='word_1_190' title='bbox 602 2557 792 2595; x_wconf 82' lang='lat' dir='ltr'>verum</span> <span class='ocrx_word' id='word_1_191' title='bbox 829 2541 1126 2611; x_wconf 81' lang='lat' dir='ltr'>enimvero,</span> <span class='ocrx_word' id='word_1_192' title='bbox 1149 2557 1482 2612; x_wconf 87' lang='lat' dir='ltr'>quamquam</span> <span class='ocrx_word' id='word_1_193' title='bbox 1519 2542 1702 2597; x_wconf 85' lang='lat' dir='ltr'>Latini</span> <span class='ocrx_word' id='word_1_194' title='bbox 1738 2543 1955 2597; x_wconf 79' lang='lat' dir='ltr'>incocta</span> 
     </span>
     <span class='ocr_line' id='line_1_30' title="bbox 243 2625 1956 2695; baseline 0.001 -15"><span class='ocrx_word' id='word_1_195' title='bbox 243 2626 542 2681; x_wconf 66' lang='lat' dir='ltr'>rubor-ibus</span> <span class='ocrx_word' id='word_1_196' title='bbox 578 2625 849 2694; x_wconf 85' lang='lat' dir='ltr'>dicebant,</span> <span class='ocrx_word' id='word_1_197' title='bbox 888 2626 1057 2680; x_wconf 83' lang='lat' dir='ltr'>semel</span> <span class='ocrx_word' id='word_1_198' title='bbox 1092 2643 1257 2680; x_wconf 88' lang='lat' dir='ltr'>ausus</span> <span class='ocrx_word' id='word_1_199' title='bbox 1294 2629 1381 2680; x_wconf 88' lang='lat' dir='ltr'>est</span> <span class='ocrx_word' id='word_1_200' title='bbox 1425 2625 1704 2695; x_wconf 86' lang='lat' dir='ltr'>Vergilius</span> <span class='ocrx_word' id='word_1_201' title='bbox 1749 2626 1956 2695; x_wconf 69' lang='lat' dir='ltr'>Tyrios</span> 
     </span>
     <span class='ocr_line' id='line_1_31' title="bbox 246 2711 1955 2782; baseline 0 -16"><span class='ocrx_word' id='word_1_202' title='bbox 246 2713 461 2768; x_wconf 79' lang='lat' dir='ltr'>incocta</span> <span class='ocrx_word' id='word_1_203' title='bbox 516 2713 747 2767; x_wconf 72' lang='lat' dir='ltr'>rubores</span> <span class='ocrx_word' id='word_1_204' title='bbox 803 2711 999 2767; x_wconf 82' lang='lat' dir='ltr'>dicere.</span> <span class='ocrx_word' id='word_1_205' title='bbox 1075 2729 1177 2782; x_wconf 90' lang='lat' dir='ltr'>pro</span> <span class='ocrx_word' id='word_1_206' title='bbox 1224 2724 1375 2764; x_wconf 78' lang='lat' dir='ltr'>NIVE</span> <span class='ocrx_word' id='word_1_207' title='bbox 1435 2712 1589 2777; x_wconf 71' lang='lat' dir='ltr'>nefas</span> <span class='ocrx_word' id='word_1_208' title='bbox 1639 2712 1772 2765; x_wconf 86' lang='lat' dir='ltr'>duxi</span> <span class='ocrx_word' id='word_1_209' title='bbox 1822 2729 1955 2766; x_wconf 75' lang='lat' dir='ltr'>neve</span> 
     </span>
     <span class='ocr_line' id='line_1_32' title="bbox 245 2784 1819 2868; baseline 0.001 -16"><span class='ocrx_word' id='word_1_210' title='bbox 245 2799 501 2855; x_wconf 78' lang='lat' dir='ltr'>scribere.</span> <span class='ocrx_word' id='word_1_211' title='bbox 527 2799 582 2852; x_wconf 87' lang='lat' dir='ltr'>in</span> <span class='ocrx_word' id='word_1_212' title='bbox 607 2813 677 2853; x_wconf 93' lang='lat'>111</span> <span class='ocrx_word' id='word_1_213' title='bbox 702 2804 802 2854; x_wconf 84' lang='lat'>286</span> <span class='ocrx_word' id='word_1_214' title='bbox 829 2798 896 2851; x_wconf 76' lang='lat' dir='ltr'>ni</span> <span class='ocrx_word' id='word_1_215' title='bbox 918 2814 1019 2868; x_wconf 89' lang='lat' dir='ltr'>pro</span> <span class='ocrx_word' id='word_1_216' title='bbox 1044 2814 1116 2853; x_wconf 78' lang='lat' dir='ltr'>ne</span> <span class='ocrx_word' id='word_1_217' title='bbox 1138 2799 1357 2868; x_wconf 86' lang='lat' dir='ltr'>legitur.</span> <span class='ocrx_word' id='word_1_218' title='bbox 1795 2784 1819 2796; x_wconf 62' lang='grc'><em>“</em></span> 
     </span>
    </p>

    <p class='ocr_par' dir='ltr' id='par_1_13' title="bbox 246 2883 1951 3026">
     <span class='ocr_line' id='line_1_33' title="bbox 351 2883 1951 2955; baseline -0.004 -12"><span class='ocrx_word' id='word_1_219' title='bbox 351 2888 451 2943; x_wconf 82' lang='grc'>785</span> <span class='ocrx_word' id='word_1_220' title='bbox 474 2901 574 2953; x_wconf 87' lang='lat' dir='ltr'>pro</span> <span class='ocrx_word' id='word_1_221' title='bbox 601 2895 817 2951; x_wconf 75' lang='lat' dir='ltr'><strong>EXTRA,</strong></span> <span class='ocrx_word' id='word_1_222' title='bbox 843 2883 991 2953; x_wconf 90' lang='lat' dir='ltr'>quod</span> <span class='ocrx_word' id='word_1_223' title='bbox 1015 2884 1361 2955; x_wconf 88' lang='lat' dir='ltr'>aptissimum</span> <span class='ocrx_word' id='word_1_224' title='bbox 1387 2883 1626 2953; x_wconf 84' lang='lat' dir='ltr'>videtur,</span> <span class='ocrx_word' id='word_1_225' title='bbox 1653 2883 1951 2938; x_wconf 85' lang='lat' dir='ltr'>Lachman-</span> 
     </span>
     <span class='ocr_line' id='line_1_34' title="bbox 246 2972 568 3026; baseline 0 -1"><span class='ocrx_word' id='word_1_226' title='bbox 246 2988 350 3026; x_wconf 86' lang='lat' dir='ltr'>nus</span> <span class='ocrx_word' id='word_1_227' title='bbox 371 2987 440 3025; x_wconf 74' lang='lat' dir='ltr'>ex</span> <span class='ocrx_word' id='word_1_228' title='bbox 461 2972 568 3026; x_wconf 75' lang='lat' dir='ltr'>his,</span> 
     </span>
    </p>

    <p class='ocr_par' dir='ltr' id='par_1_14' title="bbox 350 3053 1948 3124">
     <span class='ocr_line' id='line_1_35' title="bbox 350 3053 1948 3124; baseline -0.002 -12"><span class='ocrx_word' id='word_1_229' title='bbox 350 3062 451 3113; x_wconf 84' lang='lat'>800</span> <span class='ocrx_word' id='word_1_230' title='bbox 476 3058 689 3112; x_wconf 79' lang='lat' dir='ltr'>servavi</span> <span class='ocrx_word' id='word_1_231' title='bbox 714 3057 978 3112; x_wconf 87' lang='lat' dir='ltr'>librorum</span> <span class='ocrx_word' id='word_1_232' title='bbox 1002 3057 1255 3124; x_wconf 64' lang='lat' dir='ltr'>rqfalyet.</span> <span class='ocrx_word' id='word_1_233' title='bbox 1296 3055 1676 3110; x_wconf 80' lang='lat' dir='ltr'>Lachmannus</span> <span class='ocrx_word' id='word_1_234' title='bbox 1701 3053 1948 3121; x_wconf 60' lang='lat' dir='ltr'>rqfulqit.</span> 
     </span>
    </p>

    <p class='ocr_par' dir='ltr' id='par_1_15' title="bbox 352 3139 1951 3214">
     <span class='ocr_line' id='line_1_36' title="bbox 352 3139 1951 3214; baseline -0.003 -15"><span class='ocrx_word' id='word_1_235' title='bbox 352 3149 453 3200; x_wconf 78' lang='lat'>829</span> <span class='ocrx_word' id='word_1_236' title='bbox 475 3160 576 3214; x_wconf 88' lang='lat' dir='ltr'>pro</span> <span class='ocrx_word' id='word_1_237' title='bbox 599 3155 822 3197; x_wconf 79' lang='lat' dir='ltr'>AURUM</span> <span class='ocrx_word' id='word_1_238' title='bbox 844 3142 1052 3211; x_wconf 82' lang='lat' dir='ltr'>optimc</span> <span class='ocrx_word' id='word_1_239' title='bbox 1075 3141 1451 3194; x_wconf 63' lang='lat' dir='ltr'>Wakefield-„ns</span> <span class='ocrx_word' id='word_1_240' title='bbox 1474 3139 1707 3196; x_wconf 77' lang='lat' dir='ltr'>coniecit</span> <span class='ocrx_word' id='word_1_241' title='bbox 1729 3146 1951 3195; x_wconf 74' lang='lat' dir='ltr'>ostrum</span> 
     </span>
    </p>
   </div>
  </div>
 </body>
</html>
