2259 3442
310 222 418 260 non
452 205 593 260 altas
625 206 795 260 turris
829 220 992 258 ruere
1029 206 1087 258 et
1122 206 1441 272 putrescere
1478 217 1624 269 saxa,
1734 213 1743 218 ”

309 299 418 335 ῐιοιι
456 281 687 335 delubra
721 279 885 333 deum
922 280 1322 349 simulacraque
1357 280 1500 334 fessa
1532 279 1730 347 fatisci,

310 374 412 412 nec
448 362 698 426 sanctum·
728 373 930 410 numen
964 356 1063 415 fati
1098 357 1395 425 protollere
1429 357 1577 416 finis

309 451 470 502 posse
504 451 683 503 neque
719 433 982 488 adversus
1018 437 1249 488 naturae
1283 433 1507 487 foedera
1542 433 1679 488 niti?
1794 487 1797 490 ,
1937 448 2010 487 310

311 510 548 579 denique
584 527 692 563 non
726 512 1063 565 monimenta
1096 510 1276 565 virum
1312 510 1520 579 dilapsa
1554 510 1818 575 videmuS‚

310 604 547 656 aeraque
581 604 847 657 proporro
885 588 1229 657 solidumque
1266 604 1548 642 senescere
1569 589 1829 654 ferrum,

308 681 418 717 non
456 680 614 717 ruere
649 664 860 717 avolsos
896 663 1073 718 silices
1109 681 1144 718 a
1179 664 1455 718 montibus
1491 665 1620 718 altis

308 757 408 794 uec
443 740 652 795 validas
679 741 807 796 'aevi
842 741 985 795 vires
1020 742 1266 810 perferre
1301 741 1526 810 patique

310 817 485 873 finiti?
521 835 699 886 neque
734 818 878 873 enim
914 818 1179 873 caderent
1214 818 1397 871 avolsa
1430 819 1676 886 repente,
1935 831 2009 871 315

307 911 375 946 ex
411 894 624 949 infinito
662 912 802 964 quae
837 898 1086 963 tempore
1122 894 1551 962 pertolerassent

310 971 490 1024 omnia
524 974 801 1025 tormenta
835 971 1031 1025 aetatis
1066 972 1285 1040 privata
1318 971 1548 1037 fragore.

381 1046 630 1115 Denique
647 1048 757 1100 iam
776 1051 934 1101 tuere
951 1046 1067 1111 hoc,
1089 1046 1292 1100 circum
1312 1062 1585 1113 supraque
1604 1044 1753 1113 quod
1771 1060 1985 1098 omnem

309 1122 553 1175 continet
589 1122 844 1190 amplexu
878 1126 1114 1176 terram:
1152 1123 1199 1175 si
1235 1125 1489 1191 procreat
1525 1138 1594 1175 cx
1630 1136 1690 1174 se

311 1197 506 1266 omnia,
525 1198 676 1267 quod
694 1197 919 1266 quidam
937 1200 1254 1266 memorant,
1278 1197 1586 1266 recipitque
1602 1198 1903 1265 perempta,
1937 1210 2012 1249 320

309 1277 488 1327 totum
525 1274 772 1327 nativum
807 1273 1025 1327 mortali
1061 1290 1290 1343 corpore
1325 1276 1555 1329 constat.

308 1366 435 1403 nam
472 1350 856 1419 quodcumque
870 1350 1024 1414 ,alias
1060 1367 1128 1405 ex
1167 1367 1226 1405 se
1261 1367 1351 1405 res
1387 1353 1553 1419 auget
1587 1349 1813 1419 alitque,

310 1426 553 1481 deminui
589 1426 773 1495 debet,
809 1427 1063 1494 recreari,
1101 1444 1226 1481 cum
1262 1428 1460 1497 recipit
1493 1444 1600 1482 res

381 1504 680 1558 Praeterea
715 1504 761 1557 si
796 1504 947 1558 nulla
981 1504 1089 1559 fuit
1122 1504 1378 1574 genitalis
1415 1504 1567 1573 origo

307 1582 583 1634 terrarum
620 1584 679 1634 et
714 1581 851 1634 caeli
891 1597 1217 1651 semperque
1253 1585 1476 1636 aeterna
1510 1583 1681 1650 fuere,
1942 1594 2015 1633 325

308 1673 406 1709 cur
441 1673 639 1726 supera
673 1656 877 1711 bellum
913 1658 1231 1712 Thebanum
1268 1661 1326 1712 et
1359 1657 1553 1713 funera
1589 1658 1784 1712 Troiae

308 1749 415 1785 non
451 1734 586 1787 alias
621 1733 713 1786 alii
750 1750 969 1802 quoque
1006 1751 1097 1788 res
1131 1735 1378 1789 cecinere
1413 1735 1640 1803 poetae?

309 1825 416 1876 quo
452 1814 539 1864 tot
573 1810 717 1863 facta
751 1810 927 1862 virum
965 1810 1173 1864 totiens
1209 1811 1459 1865 cecidere
1494 1826 1675 1878 neque
1709 1825 1938 1876 usquam

309 1886 548 1939 aeternis
582 1886 762 1938 famae
797 1886 1148 1940 monimentis
1184 1887 1348 1940 insita
1381 1886 1615 1941 florent?

307 1977 512 2029 verum,
537 1965 604 2015 ut
626 1962 831 2030 opinor,
849 1961 1019 2016 habet
1041 1962 1342 2017 novitatem
1370 1979 1581 2016 summa
1601 1976 1906 2030 recensque
1939 1975 2013 2012 330

309 2042 559 2091 naturast
593 2037 784 2091 mundi
818 2054 1000 2107 neque
1035 2038 1252 2107 pridem
1290 2038 1516 2092 exordia
1551 2039 1710 2108 cepit.

308 2130 480 2181 quare
515 2114 681 2167 etiam
718 2114 987 2182 quaedam
1022 2131 1167 2168 nunc
1202 2118 1352 2168 artes
1388 2115 1754 2204 expoliuntur,

307 2206 449 2243 nunc
485 2190 672 2245 etiam
688 2194 1019 2259 augescunt3
1054 2207 1199 2245 nunc
1235 2191 1427 2245 addita
1462 2191 1688 2259 navigiis
1723 2193 1853 2245 sunt

308 2267 496 2334 multa,
534 2268 697 2321 modo
734 2267 986 2336 organici
1006 2268 1229 2322 melicos
1263 2285 1528 2338 peperere
1565 2283 1800 2321 sonores,

309 2342 544 2412 denique
580 2349 778 2399 natura
812 2344 948 2399 haec
981 2362 1167 2400 rerum
1204 2346 1456 2414 ratioque
1491 2347 1769 2415 repertast
1940 2358 2013 2396 535

307 2434 495 2486 nuper,
533 2423 592 2474 ct
626 2420 766 2475 hanc
800 2421 1010 2490 primus
1046 2440 1170 2476 cum
1207 2423 1395 2493 primis
1430 2422 1547 2491 ipsc
1583 2424 1836 2490 repertus

306 2510 450 2548 nunc
484 2512 587 2563 ego
624 2513 743 2550 sum
779 2498 835 2551 in
871 2498 1079 2567 patrias
1116 2502 1212 2567 qui
1247 2500 1451 2569 possim
1489 2501 1708 2552 vertere
1743 2513 1919 2550 voces.

308 2570 456 2638 quod
491 2572 538 2624 si
573 2572 714 2627 forte
749 2573 919 2628 fuisse
955 2575 1187 2629 antehac
1223 2575 1419 2629 eadem
1454 2575 1635 2629 omnia
1669 2572 1865 2640 credis,

307 2646 407 2700 sed
442 2664 541 2715 pei
543 2664 671 2701 usse
706 2648 988 2703 hominum
1024 2652 1264 2706 torrenti
1300 2652 1478 2706 saecla
1511 2666 1731 2720 vapore,

306 2727 404 2778 aut
437 2724 701 2781 cecidisse
737 2725 890 2780 urbis
923 2744 1123 2795 magno
1160 2729 1444 2781 vexamine
1481 2726 1685 2792 mundi,
1941 2736 2014 2776 310

307 2803 405 2854 aut
440 2817 511 2855 ex
544 2801 811 2856 imbribus
847 2803 1095 2857 adsiduis
1131 2804 1311 2857 exisse
1345 2820 1572 2874 rapaces

304 2892 407 2945 per
441 2880 619 2930 terras
653 2895 854 2936 amnes
875 2883 1044 2948 atque
1080 2879 1283 2949 oppida
1319 2880 1676 2948 cooperuisse,

305 2955 462 3006 tanto
500 2955 703 3023 quique
736 2956 910 3028 magis
944 2955 1123 3010 victus
1158 2957 1368 3011 fateare
1403 2960 1681 3010 necessest
1708 2997 1711 3002 .

308 3028 539 3082 exitium
576 3047 798 3100 quoque
829 3037 1102 3087 terrarum
1140 3032 1384 3103 caelique
1419 3034 1680 3092 futurum.

304 3120 431 3159 nam
467 3123 591 3161 cum
627 3124 717 3162 res
752 3109 923 3163 tantis
959 3109 1163 3163 morbis
1197 3110 1476 3177 tantisque
1511 3110 1731 3177 periclis
1939 3123 2013 3162 325

305 3183 726 3253 temptarent-nr,
762 3184 839 3239 ibi
876 3185 921 3239 si
956 3184 1169 3241 tristior
1201 3185 1542 3240 incubuisset
