2259 3442
314 206 546 259 quorum
583 206 751 244 unum
786 190 1002 259 quidvis
1036 190 1343 258 genera-tim
1380 206 1597 244 sumere
1637 206 1823 260 perge,

297 266 559 320 invenies
595 270 779 320 tamen
814 268 960 320 inter
995 283 1054 320 se
1090 267 1315 320 differre
1348 266 1557 335 figuris.

318 358 420 396 nec
456 343 666 397 ratione
701 343 806 397 alia
843 343 1026 412 proles
1061 359 1388 411 cognoscere
1424 347 1661 399 matrem

319 436 421 473 nec
458 423 638 474 mater
669 423 858 489 posset
894 420 1137 489 prolem3
1174 419 1323 488 quod
1358 436 1521 489 posse
1557 422 1808 475 videmus
1834 436 1839 449 ·
1961 437 2034 478 ³50

320 512 421 550 nec
456 497 634 551 minus
669 499 838 566 atque
875 495 1119 549 homines
1153 496 1395 565 integ-mse
1429 500 1562 571 nota
1597 498 1795 552 cluere.

320 588 448 626 nam
483 589 646 641 saepe
680 576 811 626 ante
846 572 1013 626 deum
1048 572 1253 626 vitulus
1290 572 1522 626 delubra
1557 572 1757 629 decora

320 649 645 704 turicremas
680 653 911 719 propter
944 652 1219 702 mactatus
1255 650 1493 704 concidit
1529 666 1652 704 aras

322 725 599 794 sanguinis
635 727 891 795 expirans
928 724 1166 779 calidum
1204 724 1275 779 de
1309 730 1536 795 pectore
1571 727 1799 781 flumen.

320 804 381 856 at
415 806 596 857 mater
633 802 822 856 viridis
860 802 1035 856 saltus
1070 802 1267 855 orbata
1301 819 1600 872 peragrans
1960 818 2033 858 855

321 879 498 932 noscit
534 878 685 932 humi
721 878 955 949 pedibus
990 877 1224 946 vestigia
1259 895 1449 946 pressa
1483 879 1720 948 bisulcis,

324 955 505 1009 omnia
541 956 823 1010 convisens
860 953 1034 1009 oculis
1069 954 1190 1008 loca
1226 955 1270 1007 si
1306 958 1474 1021 queat
1507 972 1738 1024 usquam

320 1031 637 1099 conspicere
672 1033 931 1085 amissum
968 1031 1162 1098 fetum,
1199 1030 1545 1099 completque
1580 1032 1838 1101 querellis

318 1106 685 1161 frondiferum
720 1124 914 1161 nemus
950 1106 1224 1160 absistens
1259 1109 1318 1159 et
1355 1105 1548 1159 crebra
1582 1107 1772 1162 revisit

317 1182 395 1236 ad
430 1183 706 1237 stabulum
743 1182 1021 1237 desiderio
1056 1183 1269 1251 perfixa
1303 1182 1531 1250 iuvenci,
1955 1198 2029 1239 sco

319 1277 421 1313 nec
457 1262 683 1313 tenerae
721 1259 912 1313 salices
949 1262 1117 1328 atque
1152 1257 1356 1312 herbae
1389 1275 1515 1313 rore
1549 1258 1799 1328 vigentes

318 1335 652 1404 fluminaque
689 1335 785 1390 illa
821 1337 1030 1405 queunt
1066 1335 1292 1388 summis
1327 1334 1568 1390 labentia
1601 1336 1737 1405 ripis

320 1411 595 1467 oblectare
632 1414 871 1467 animum
909 1414 1296 1482 sumptamque
1330 1415 1582 1467 avertere
1617 1429 1818 1478 curam,

316 1505 418 1543 nec
453 1489 748 1543 vitulorum
784 1489 921 1543 aliae
958 1488 1168 1558 species
1204 1505 1307 1558 per
1340 1487 1544 1558 pabula
1578 1489 1725 1543 laeta

318 1564 567 1619 derivare
601 1568 812 1633 queunt
848 1566 1089 1618 animum
1131 1582 1372 1633 curaque
1407 1564 1617 1620 levare:
1953 1580 2025 1620 365

317 1657 492 1710 usque
528 1642 665 1696 adeo
701 1642 963 1710 quiddam
1001 1641 1286 1711 proprium
1321 1644 1618 1711 notumque
1652 1641 1897 1711 requirit.

317 1721 607 1785 praeterea
641 1718 818 1772 teneri
854 1718 1106 1771 tremulis
1143 1734 1267 1770 cum
1303 1717 1526 1771 vocibus
1561 1717 1722 1770 haedi

318 1793 628 1862 cornigeras
665 1798 868 1847 norunt
904 1797 1110 1847 matres
1147 1794 1381 1861 agnique
1417 1792 1621 1861 petulci

318 1855 601 1923 balantuni
636 1868 907 1939 pecudes:
947 1870 1042 1936 ita,
1080 1870 1230 1937 quod
1265 1871 1463 1922 natura
1497 1869 1750 1937 reposcit,

314 1947 388 2000 ad
424 1963 521 2000 sua
556 1946 788 2015 quisque
822 1946 939 1999 fere
976 1945 1280 1998 decurrunt
1313 1944 1485 1998 ubera
1519 1944 1690 1999 lactis.
1949 1960 2024 2000 370

316 2026 592 2092 postremo
630 2021 860 2090 quodvis
895 2022 1232 2074 frumentum
1266 2037 1374 2073 non
1412 2024 1598 2074 tamen
1634 2036 1793 2074 omne

317 2100 519 2169 quique
556 2115 653 2152 suo
688 2114 893 2166 genere
926 2098 1074 2151 inter
1110 2114 1169 2150 se
1206 2097 1378 2150 simile
1414 2112 1535 2151 esse
1568 2095 1792 2165 videbis,

315 2176 447 2245 quin
482 2177 817 2230 intercurrat
852 2173 1122 2244 quaedam
1158 2174 1422 2228 distantia
1454 2172 1658 2226 formis.

316 2252 749 2321 concharumque
784 2268 957 2320 genus
992 2251 1155 2320 parili
1191 2250 1403 2305 ratione
1437 2247 1687 2303 videmus

314 2330 541 2399 pingere
575 2329 791 2383 telluris
825 2329 1112 2397 gremium,
1151 2344 1260 2397 qua
1294 2327 1545 2381 mollibus
1580 2324 1742 2379 undis
1950 2339 2026 2379 375

307 2406 490 2459 'litoris
524 2405 736 2459 incurvi
771 2405 1015 2459 bibulam
1053 2405 1204 2484 ppJLt
1241 2420 1445 2473 aequor
1479 2403 1752 2456 harenam.

315 2498 486 2550 quare
522 2481 690 2536 etiam
727 2485 894 2550 atque
930 2482 1096 2535 etiam
1134 2482 1292 2534 simili
1327 2481 1538 2534 ratione
1571 2480 1863 2546 necessest,

313 2561 512 2611 natura
547 2557 802 2626 quoniam
838 2561 1090 2611 constant
1124 2574 1304 2625 neque
1337 2556 1485 2610 facta
1519 2570 1685 2608 manu
1721 2556 1851 2606 sunt

313 2635 476 2688 unius
511 2634 585 2687 ad
622 2637 832 2688 certam
866 2634 1096 2687 formam
1134 2632 1432 2702 primordia
1466 2646 1666 2697 rerum,

316 2710 566 2765 dissimili
600 2710 747 2764 inter
782 2727 841 2763 se
878 2707 1151 2779 quaedam
1188 2708 1417 2762 volitare
1452 2707 1642 2774 figura.
1951 2712 2026 2758 380

263 2820 329 2851 φ...
386 2787 651 2841 Perfacile
688 2790 774 2841 est
809 2786 909 2841 tali
944 2783 1161 2842 ratione
1197 2784 1477 2839 exsolvere
1510 2780 1668 2834 nobis

313 2880 484 2934 quare
519 2863 811 2927 fulmineus
845 2862 1020 2916 multo
1057 2861 1392 2932 penetralior
1425 2858 1568 2927 ignis

313 2957 479 3008 quam
514 2944 703 2994 noster
731 2941 858 2999 ,fuat
893 2958 925 2994 e
960 2939 1144 2994 taedis
1178 2928 1538 2992 terrestribus
1573 2936 1744 2987 ortus.

315 3015 499 3070 dicere
537 3017 678 3071 enim
714 3017 891 3087 possis
930 3016 1224 3072 caelestem
1263 3013 1503 3069 fulminis
1537 3011 1719 3079 ignem

316 3092 574 3161 suptilem
610 3094 781 3161 magis
817 3111 850 3148 e
883 3094 1067 3165 parvis
1103 3095 1358 3148 constare
1391 3090 1580 3159 figuris
1948 3090 2023 3132 38⁵

316 3171 485 3237 atque
518 3168 645 3221 ideo
680 3171 915 3224 transire
951 3170 1218 3224 foramina
1251 3184 1391 3239 quae
1426 3165 1620 3235 nequit
1654 3159 1795 3229 ignis
