2259 3442
997 82 1091 137 viii
1120 85 1128 95 ’

253 252 259 257 ·
292 215 611 275 ‘599—634.
681 219 856 273 locum
891 219 1035 272 hunc
1071 217 1345 271 difficilem
1376 233 1521 284 sane,
1558 217 1658 271 sed
1699 218 1919 272 minime

218 310 549 375 corruptum,
577 322 764 358 omnes
800 304 1042 358 editores
1064 320 1098 355 a
1122 301 1388 355 Lambino
1430 318 1605 371 usque
1641 302 1712 354 ad
1749 302 1918 355 Lach-

217 408 474 444 mannum
497 394 555 444 et
579 388 935 457 Bernaysium
971 387 1202 441 diversis
1236 387 1412 439 modis
1445 387 1697 442 certatim
1722 389 1919 458 depra-

217 482 425 531 varunt.
494 477 740 530 conferas
788 475 950 528 velim
998 492 1140 543 quae
1176 476 1295 530 fuse
1330 475 1460 528 olim
1495 475 1566 528 do
1602 492 1668 529 eo
1703 476 1759 529 in
1796 494 1916 529 ann.

214 563 346 632 phil.
379 562 637 617 Cantabr.
661 578 684 616 1
716 579 804 631 pp.
831 568 1036 617 29—32
1070 564 1129 615 et
1162 567 1438 617 252-258
1475 563 1771 631 disputavi.
1827 563 1917 617 hic

214 649 460 704 breviter
485 667 623 717 quae
646 649 1025 704 Lachmannus
1057 651 1304 718 peccavit
1330 655 1521 705 notare
1556 650 1691 703 satis
1725 649 1914 718 habe0‚

217 735 308 802 qui
334 741 433 789 599
459 736 599 802 qaia
624 753 763 790 nam
789 736 947 790 dedit
980 754 1081 806 pro
1116 749 1410 807 QUONIAM,
1449 744 1548 793 600
1582 754 1682 807 pro
1718 748 1915 789 ILLIUs

214 818 402 886 alliu-3,
420 825 516 874 611
540 820 792 873 ullorum
815 837 916 891 pro
940 833 1227 877 ILLORUM.
1253 818 1259 884 J
1298 822 1417 891 ipse
1441 823 1683 876 illarum
1707 822 1913 891 scripsi.

214 910 314 958 628
338 906 659 974 pravissime
697 906 994 960 Lambinus
1029 909 1094 960 m·
1127 924 1229 977 pro
1266 920 1318 961 SI
1353 913 1411 963 et
1447 915 1544 964 631
1582 909 1780 976 multe}
1814 924 1913 976 pro

212 999 458 1057 NULLIS3
495 1009 659 1061 quem
684 994 855 1048 sceuti
880 996 1008 1047 sunt
1031 1010 1220 1048 omnes
1244 994 1316 1048 ad
1339 1013 1506 1049 unum
1532 996 1786 1049 editores.

316 1082 417 1131 645
488 1095 595 1134 cur
618 1082 843 1149 possint
874 1098 982 1136 esse
1023 1083 1256 1148 requiro
1294 1084 1410 1137 sine
1445 1086 1575 1136 nota
1609 1082 1904 1150 interroga-

210 1160 377 1216 tionis
424 1166 629 1235 scripsi.
686 1167 1029 1221 membranae
1072 1171 1134 1220 et
1177 1168 1420 1222 editores
1465 1171 1653 1222 contra
1694 1169 1911 1236 linguae

210 1246 361 1316 leges
384 1263 502 1302 cun
526 1256 810 1309 POSSENT?

315 1338 414 1393 657
475 1354 574 1407 pro
599 1350 758 1391 MUSE
782 1339 912 1394 dedi
936 1340 1108 1394 nasci.
1170 1341 1547 1395 Lachmannus
1570 1343 1765 1394 adesse.
1807 1341 1910 1395 hoc

210 1422 529 1475 vocabulum
564 1424 816 1479 ultimum
853 1429 973 1480 erat
1007 1426 1285 1494 archetypi
1321 1425 1550 1493 paginae
1590 1425 1910 1480 vicensimae

210 1507 488 1575 septimae.

314 1598 411 1646 681
488 1605 628 1645 ALIO
654 1611 776 1650 cum
807 1595 1136 1649 membranis
1162 1594 1548 1648 Lachmannus.
1597 1593 1908 1662 hammum,

212 1677 501 1748 flagitante
527 1682 815 1751 sententia,
843 1682 976 1737 alia.

315 1768 343 1821 7
348 1772 414 1819 20
486 1784 587 1836 pro
611 1778 798 1819 UNDIS
824 1767 1202 1821 Lachmannus
1226 1764 1471 1818 undam.

316 1854 414 1908 752
485 1869 672 1907 versus
698 1854 757 1906 in
790 1855 898 1907 fine
940 1852 1165 1905 mutilus
1209 1854 1308 1903 est.
1358 1849 1647 1904 Lucretius
1691 1853 1910 1922 scripsit

210 1938 276 1992 in
327 1941 458 1996 illis.
513 1940 889 1993 Lachmannus
931 1936 1270 2006 ineptissime
1314 1951 1608 2003 prorsum.
1670 1938 1739 1992 cf.
1786 1956 1904 1993 ann.

206 2025 338 2093 phil.
365 2026 524 2081 Cant.
553 2042 576 2080 1
599 2044 649 2094 p.
676 2033 757 2081 29.

314 2116 412 2168 755
436 2144 441 2147 -
485 2119 669 2179 utque.
738 2108 865 2164 libri
888 2118 1086 2173 UTQUI,
1109 2109 1175 2159 ut
1198 2121 1259 2159 vl
1288 2110 1435 2164 1007.
1471 2159 1477 2165 ,
1507 2109 1606 2163 753
1639 2124 1739 2176 pro
1762 2119 1909 2160 ITEM

209 2198 585 2254 Lachmannus
609 2200 736 2264 utel,
762 2200 821 2251 et
847 2198 946 2253 755
969 2208 1070 2262 pro
1094 2204 1278 2251 UTQUI
1300 2191 1450 2244 idem
1474 2208 1659 2258 usque.
1705 2194 1771 2248 cf.
1788 2210 1911 2249 ann.

207 2282 336 2350 phil.
365 2284 521 2338 Cant.
546 2299 568 2336 1
592 2300 643 2350 p.
673 2288 754 2336 39.

315 2372 428 2437 769,
467 2384 630 2438 quem
654 2363 884 2433 omisi,=
899 2365 1012 2419 762.

313 2461 413 2513 778
473 2460 750 2504 OPORTET.
782 2447 1161 2501 Lachmannus
1177 2450 1520 2515 necessest‚ut
1533 2447 1666 2501 mihi
1686 2448 1910 2517 quidem

206 2541 438 2609 videtur,
464 2539 580 2593 sine
603 2536 717 2589 ulla
739 2531 961 2587 minima
985 2548 1160 2585 causa.

309 2634 410 2682 806
481 2623 607 2679 libri
622 2634 707 2675 ET.
760 2617 1070 2672 Priscianus
1094 2625 1173 2684 ut,
1186 2634 1348 2684 quem
1372 2618 1673 2682 rectissime
1693 2623 1911 2673 secutus

207 2715 294 2765 est
319 2710 656 2778 Bernaysius.
681 2707 747 2762 cf.
771 2722 891 2759 ann.
917 2703 1046 2772 phil.
1071 2702 1230 2756 Cant.
1257 2717 1280 2755 1
1303 2719 1353 2770 p.
1378 2708 1460 2756 44.
1530 2703 1696 2756 miras
1719 2703 1912 2757 turbas

206 2797 295 2850 hic
341 2797 550 2850 conciet
601 2794 994 2860 Lachmannus‚
1046 2791 1140 2859 qui
1183 2796 1282 2844 806
1332 2790 1392 2841 et
1416 2792 1515 2845 807
1554 2789 1782 2843 inversis
1820 2789 1913 2843 de-

205 2881 335 2935 inde
358 2897 458 2950 pro
483 2892 754 2933 ARBUSTA
777 2879 1113 2948 ineptissime
1137 2878 1394 2931 ambusta
1420 2875 1625 2930 scribit.

310 2974 413 3023 830
482 2967 608 3021 libri
644 2965 947 3021 rectissime
982 2977 1067 3018 ET.
1157 2963 1536 3017 Lachmannus
1573 2968 1650 3030 ut,
1675 2961 1770 3029 qui
1805 2960 1909 3026 hic,

207 3055 350 3108 sicut
374 3071 536 3123 saepe
563 3053 712 3122 alias,
738 3052 1054 3107 Lucretium
1079 3065 1339 3118 umquam
1363 3055 1413 3102 et
1434 3066 1535 3118 pro
1559 3049 1732 3103 etiam
1751 3064 1909 3100 usum

207 3158 329 3196 esse
352 3141 558 3195 frustra
580 3143 760 3210 negat.
