2259 3442
1094 93 1165 150 II
1904 100 1990 155 55·

275 198 339 252 et
372 196 556 252 ridere
591 199 779 266 potest
812 210 921 250 non
956 212 1025 249 ex
1059 193 1357 249 ridentibu'
1391 195 1571 250 factus
1854 224 1861 231 -

278 277 338 329 et
373 289 565 341 sapere
599 275 659 326 et
694 271 874 326 doctis
907 271 1178 325 rationem
1213 271 1451 325 reddere
1487 271 1650 327 dictis

223 420 226 423 Ι
276 366 385 404 non
422 366 491 403 ex
528 348 827 403 seminibus
862 348 1202 417 sapientibus
1237 351 1405 417 atquc
1442 348 1680 418 disertis,

276 426 373 496 qui
407 425 588 479 minus
623 440 744 479 esse
779 428 987 492 queant
1021 441 1091 478 ea
1122 441 1265 494 quae
1302 425 1508 479 sentire
1543 426 1796 480 videmus

278 501 575 557 seminibus
608 501 885 570 permixta
916 500 1233 555 carentibus
1266 501 1513 570 undique
1549 503 1744 556 sensu?
1912 517 1986 558 mo

348 578 602 647 Denique
636 577 862 632 caelesti
897 594 1085 631 sumus
1118 594 1309 632 omnes
1344 578 1552 633 semine
1586 578 1838 645 oriundi;
1926 614 2011 657 ..ὅ

276 650 529 708 omnibus
551 653 658 707 ille
691 653 842 710 idem
876 657 1040 722 pater
1074 656 1178 722 est,
1210 653 1360 709 unde
1395 654 1539 709 alma
1571 654 1834 723 liquentis

274 730 481 784 umoris
514 732 704 798 guttas
738 732 918 784 mater
954 746 1077 784 cum
1111 733 1264 785 terra
1296 731 1521 799 recepit,

273 809 389 863 feta
421 806 569 875 parit
602 806 808 861 nitidas
842 807 1031 875 fruges
1064 806 1400 877 arbustaque
1433 807 1581 863 laeta

274 885 334 937 et
366 899 541 951 genus
573 882 889 951 humanum,
923 882 1071 952 parit
1104 884 1288 938 omnia
1322 884 1501 955 saecla
1534 885 1792 953 ferarum,
1912 900 1985 940 995
2014 906 2064 961 2,
2080 926 2087 937 .
2102 882 2139 927 '⁴‘
2202 878 2219 905 '⁴

271 957 475 1028 pabula
506 975 631 1013 eum
666 959 899 1029 praebet
932 958 1129 1026 quibus
1164 975 1352 1013 omnes
1384 976 1615 1031 corpora
1648 965 1881 1031 pascunt

273 1038 333 1090 et
368 1035 586 1096 dulcem
622 1035 833 1089 ducunt
866 1035 1037 1089 vitam
1073 1035 1394 1104 prolemque
1426 1041 1763 1106 propagant3

275 1116 614 1181 quapropter
646 1111 847 1165 merito
881 1113 1191 1164 maternum
1223 1127 1420 1165 nomen
1454 1112 1658 1182 adepta
1691 1116 1793 1168 est.

274 1187 425 1241 cedit
457 1188 592 1242 item
627 1191 795 1256 retro,
828 1187 902 1241 de
936 1190 1089 1240 terra
1122 1187 1271 1256 quod
1304 1187 1409 1242 fuit
1444 1192 1590 1257 ante,

270 1264 329 1318 in
363 1268 556 1331 terras,
593 1268 652 1318 et
686 1263 836 1333 quod
867 1263 1149 1317 missumst
1183 1279 1251 1317 ex
1284 1264 1525 1319 aetheris
1556 1266 1686 1336 oris,

272 1340 333 1394 id
366 1357 582 1394 rursum
617 1340 752 1395 caeli
786 1340 1041 1394 rellatum
1075 1339 1284 1409 templa
1316 1345 1619 1411 receptant.

131 1413 375 1491 Λευ
411 1417 488 1472 sie
521 1417 804 1473 interemit
836 1432 984 1471 mors
1018 1432 1108 1471 res
1142 1420 1206 1470 ut
1240 1418 1489 1474 materiai
1552 1478 1563 1485 ,

271 1510 501 1564 corpora
534 1494 804 1559 conficiat,
837 1494 939 1549 sed
974 1497 1191 1548 coetum
1228 1488 1378 1572 dissfl
1337 1488 1476 1572 flpat
1509 1496 1645 1551 ollis.
1754 1283 1990 1603 (lm
2124 1513 2207 1613 Fr

270 1569 402 1624 inde
435 1570 555 1625 aliis
587 1570 741 1625 aliud
776 1571 1125 1647 coniungit&
1155 1573 1215 1624 et
1240 1570 1416 1633 Q
1449 1588 1635 1628 omnes
1848 1526 2101 1706 ff&

93 1623 239 1730 ff
270 1661 362 1700 res
387 1646 490 1710 §ts
509 1652 830 1703 convertant
863 1648 1065 1716 formas
1101 1651 1428 1717 mutentque
1461 1649 1668 1704 colores

271 1725 332 1776 et
366 1724 585 1793 capiant
618 1740 808 1778 sensus
842 1726 903 1777 et
937 1727 1144 1792 puncto
1179 1727 1428 1793 tempore
1461 1725 1717 1793 reddant,

270 1801 335 1852 ut
368 1815 558 1854 noscas
593 1800 801 1854 referre
836 1798 1028 1852 eadem
1064 1799 1368 1868 primordia
1401 1816 1583 1854 rerum

269 1891 393 1929 cum
429 1874 625 1943 quibus
660 1879 719 1929 et
754 1875 919 1945 quali
936 1874 1184 1944 positura
1218 1876 1599 1929 contineantur

268 1954 328 2004 et
362 1967 497 2019 quos
529 1951 676 2005 inter
711 1967 770 2003 se
806 1951 1156 2021 dent.motus
1190 1950 1580 2019 accipiantque,

266 2043 405 2081 neve
438 2029 601 2095 putes
635 2030 859 2080 aeterna
891 2042 1061 2095 penes
1090 2025 1340 2079 residere
1373 2030 1592 2095 potesse
1891 2046 1986 2084 1010

269 2118 501 2170 corpora
533 2102 711 2172 prima
746 2101 893 2169 quod
929 2102 983 2154 in
1021 2102 1248 2155 summis
1282 2102 1499 2157 fluitare
1532 2104 1780 2161 videmus

151 2178 432 2265 X,rebus
467 2182 526 2233 et
557 2179 837 2233 interdum
874 2179 1022 2232 nasci
1059 2178 1347 2248 subitoque
1380 2180 1576 2250 perire.

267 2255 396 2324 quin
431 2256 597 2310 etiam
632 2256 805 2311 refert
839 2255 1042 2309 nostris
1078 2255 1136 2309 in
1171 2256 1416 2310 versibus
1449 2257 1583 2327 ipsis

267 2348 392 2386 cum
427 2333 623 2403 quibus
656 2336 716 2387 ct
750 2332 899 2402 quali
932 2332 1044 2386 sint
1078 2332 1270 2388 ordine
1302 2351 1551 2405 quaeque
1584 2335 1777 2392 locata.

268 2423 475 2461 numm
495 2425 663 2457 EADEM
690 2425 887 2458 cumn(
908 2424 1044 2458 HARR
1070 2425 1257 2458 TERRAS
1281 2426 1506 2463 rLumNA
1534 2427 1686 2461 somn
1889 2431 1986 2471 1015

267 2485 574 2519 stoxnvlcamr
597 2487 768 2519 EADEM
795 2487 982 2520 fauens
1001 2488 1223 2520 AususTA
1249 2488 1519 2522 Axlnsxrls

266 2550 313 2603 si
348 2565 458 2602 non
492 2548 673 2602 omnia
707 2554 849 2613 sunt,
885 2551 946 2602 at
979 2548 1155 2603 multo
1189 2550 1425 2603 maxima
1460 2566 1591 2619 pars
1625 2554 1714 2617 est

264 2624 593 2688 consimilis3
627 2639 816 2677 verum
852 2624 1099 2692 positura
1134 2624 1495 2697 discrepitant
1528 2642 1631 2681 res.

266 2703 345 2757 sic
379 2701 513 2772 ipsis
546 2700 603 2755 in
640 2699 806 2755 rebus
840 2700 974 2754 item
1008 2701 1117 2755 iam
1155 2701 1406 2755 materiai

267 2795 574 2828 m‘rBRVALLA
596 2794 710 2828 vus
734 2794 955 2827 commus
981 2794 1205 2827 PONDERA
1231 2795 1448 2828 PLAGAES
1886 2797 1986 2840 1020

264 2872 559 2911 concursus
592 2859 774 2911 motus
809 2856 946 2910 ordo
981 2856 1231 2925 positura
1264 2855 1473 2924 figurae

264 2949 390 2988 cum
424 2936 825 3003 permutantur,
859 2932 1061 2988 mutari
1097 2949 1188 2985 res
1221 2949 1436 3002 quoque
1473 2933 1694 2992 debent.
1719 2978 1755 2997 ,ἦ

336 3010 389 3063 N
395 3026 500 3064 unc
535 3012 773 3064 animum
807 3010 963 3064 nobis
997 3008 1199 3063 adhibe
1234 3027 1417 3064 veram
1452 3010 1525 3065 ad
1561 3011 1844 3077 rationem.

264 3102 392 3140 nam
427 3086 531 3141 tibi
566 3089 848 3141 vementer
880 3104 1019 3141 nova
1053 3103 1144 3140 res
1178 3087 1400 3147 molitur
1435 3088 1507 3142 ad
1542 3088 1689 3143 auris

263 3161 531 3218 accedero
566 3166 624 3217 ct
657 3179 797 3217 nova
832 3180 891 3217 sc
926 3164 1137 3233 specics
1171 3165 1465 3219 ostendere
1499 3181 1700 3220 rerum.
1888 3176 1983 3217 102⁵

361 3254 374 3279 ,Α
