2259 3442
1066 109 1159 162 xix

253 251 437 319 tisque
457 247 671 311 duabus
687 246 961 315 litterulis,
995 246 1189 316 scripsi
1221 245 1376 314 itque
1411 244 1644 300 animae
1668 245 1786 301 Itoc.
1822 246 1973 315 ‘quo-

255 337 418 391 niam'
454 337 533 391 ait
564 337 791 390 ‘natura
814 335 1029 390 animae
1060 334 1165 388 hac
1193 334 1409 389 ratione
1446 332 1715 389 scinditur
1750 336 1808 388 et
1843 350 1975 403 pau-

255 422 416 477 latim
438 423 514 476 it’.
551 420 618 475 cf.
644 427 746 476 526
771 438 892 491 sqq.
948 444 953 447 ·

365 513 465 561 551
527 523 625 577 pre
677 521 860 568 noun
899 505 1278 561 Lachmannus
1325 506 1442 560 sine
1483 522 1647 560 causa
1682 510 1797 560 aut.
1834 504 1900 559 cf.
1940 521 1975 558 v

270 601 374 651 965
407 595 641 663 ρίαηάεε
661 600 828 661 atque
851 592 1038 648 arbita
1061 592 1149 646 vel
1159 592 1320 661 pira.

365 687 468 736 553
502 696 602 750 pro
620 690 980 731 LlNGUN'rUR
1076 689 1215 730 TALI
1238 678 1445 748 optime
1465 677 1696 733 Vossius
1713 679 1977 733 licuntur

262 767 393 821 tabe.
431 765 815 819 Lachmannus
839 763 1147 818 lincuntur
1172 763 1287 818 tabi
1292 805 1303 817 .
1338 767 1584 818 ceterum
1607 764 1749 819 istae
1771 768 1974 834 partes,

262 867 371 905 non
395 851 452 904 in
475 866 643 921 parvo
668 853 934 919 tempore,
961 849 1076 917 sed,
1090 853 1157 904 ut
1175 850 1450 920 separatio
1473 851 1621 905 facta
1645 853 1745 919 est,
1773 850 1976 920 statim,

264 936 574 990 lt'ncuntur
598 934 727 989 tabi.
751 933 810 987 in
832 949 1002 1003 parvo
1026 933 1268 1002 denique
1291 938 1541 1004 tempore
1563 935 1840 989 licuntur.

371 1025 471 1080 557
510 1024 570 1076 et
617 1026 720 1075 558
767 1024 1012 1075 veterem
1054 1019 1159 1074 loci
1205 1021 1700 1090 interpunctionem
1747 1021 1978 1076 restitui.

267 1094 660 1174 Lachman‘nus,
709 1105 928 1160 sublata
967 1109 1093 1174 post
1129 1105 1401 1160 adhaeret
1440 1105 1807 1172 distinctione,
1852 1109 1979 1175 post

267 1196 511 1263 denique
530 1195 892 1265 interpunxit.

373 1287 475 1339 574
510 1299 609 1351 pro
633 1294 736 1334 Eos
767 1282 991 1351 egregie
1015 1281 1305 1335 Bentleius
1328 1290 1401 1336 eo'.
1426 1281 1595 1335 miror
1618 1280 1977 1334 certissimam

267 1366 407 1420 hanc
429 1366 868 1435 lenissimamque
884 1364 1325 1421 emendationem
1351 1368 1410 1419 et
1428 1368 1640 1420 ceteros
1663 1364 1907 1419 editores
1922 1367 1981 1418 et

271 1449 678 1504 Lachmanmun
708 1448 985 1517 fefellisse,
1010 1449 1106 1519 qui
1138 1465 1239 1517 pro
1268 1461 1400 1502 81³3ss
1423 1461 1628 1502 ΑΝἹΜΑ
1651 1448 1980 1503 Wakefieldi

269 1537 637 1591 coniecturam
659 1535 727 1589 in
750 1552 806 1589 se
828 1536 1095 1590 animam
1119 1535 1347 1604 recepit.

376 1627 476 1677 586
500 1638 601 1690 pro
613 1632 875 1673 MANANT
897 1632 1258 1680 ANIMAEQUE
1280 1638 1406 1675 cum
1421 1619 1762 1675 Wakefieldo
1778 1620 1983 1675 anima

270 1713 570 1762 emanante
592 1707 795 1776 scripsi.
859 1708 1240 1763 Lachmannus
1269 1714 1544 1761 manante
1565 1706 1768 1761 anima
1791 1724 1983 1776 usque.

377 1797 476 1850 617
512 1808 615 1862 pro
661 1803 1025 1844 nncmmnus
1056 1804 1327 1844 OMNIBUS
1365 1793 1556 1862 scripsi
1602 1792 1860 1847 hominis
1896 1809 1983 1847 re-

271 1877 549 1946 qionibus.
608 1876 986 1931 Lachmannus
1010 1876 1321 1943 regionib&
1340 1877 1599 1945 pectori&

375 1968 475 2017 620
533 1978 634 2031 pro
680 1974 955 2014 PERTOTIS
1001 1978 1125 2016 cum
1189 1960 1489 2030 Bernaysio
1544 1960 1787 2028 partitis
1832 1962 1980 2017 dedi.

280 2046 662 2102 Lachmannus
677 2048 960 2117 perfectis.

383 2139 485 2189 633
502 2150 604 2204 pro
627 2146 911 2187 AUDITUM
935 2134 1216 2190 lenissima
1232 2133 1537 2189 mutatione
1554 2135 1761 2190 auditu
1778 2136 1985 2206 scripsi.

277 2221 674 2291 Lachmannus,
692 2221 858 2291 plena
869 2224 995 2292 post
1010 2238 1173 2277 aures
1195 2220 1635 2290 interpunctione
1653 2221 1815 2291 facta,
1828 2223 1992 2278 haud

279 2308 483 2375 iyitztr.

381 2396 598 2449 657—8.
668 2392 819 2446 locus
853 2395 1161 2462 corruptus,
1184 2408 1349 2461 quem
1378 2391 1760 2449 Lachmannus
1796 2412 1986 2464 quam-

278 2493 443 2549 quam
467 2476 735 2531 audacter
757 2477 1013 2546 correxit,
1034 2478 1338 2531 orationem
1360 2479 1547 2530 tamen
1572 2482 1632 2532 et
1658 2482 1986 2536 sententiam

278 2579 388 2617 non
412 2562 546 2617 satis
569 2565 757 2631 aptam
782 2562 975 2618 effecit.
1046 2580 1150 2633 pro
1185 2577 1452 2619 MINANTI
1488 2563 1704 2632 scripsit
1727 2565 1987 2635 micanti,

279 2667 380 2721 pro
414 2660 730 2701 SERPENTIS
754 2660 956 2701 CAUDE
986 2656 1301 2719 serpentem
1325 2654 1523 2719 cauda,
1547 2669 1589 2720 e,
1613 2668 1715 2719 pro
1750 2663 1989 2704 UTRUM-

280 2747 399 2795 QUE
438 2734 742 2802 utrimque.
812 2734 1068 2803 equidem
1108 2752 1217 2789 non
1265 2736 1458 2792 dubito
1500 2737 1631 2807 quin
1679 2744 1990 2804 utrumque

281 2821 502 2876 aliunde
539 2822 646 2876 huc
681 2821 984 2890 irrepserit,
1009 2839 1078 2875 ex
1108 2826 1208 2881 637
1234 2823 1322 2876 vel
1348 2828 1464 2878 668.
1535 2822 1672 2876 haec
1705 2826 1857 2877 certe
1882 2823 1989 2878 Lu-

283 2907 528 2962 cretiana
565 2923 688 2962 esso
724 2907 983 2961 videntur
1014 2907 1218 2976 linqua
1249 2908 1508 2963 vibrante
1545 2909 1831 2963 minantis
1860 2909 1992 2963 Ser-

282 2993 470 3061 pentis
489 2995 736 3049 caudam
749 3012 775 3059 ;
814 2998 1001 3049 cetera
1025 2994 1290 3064 expedire
1313 3011 1421 3048 non
1444 3011 1680 3064 possum.

389 3084 490 3134 685
514 3081 816 3136 rectissime
847 3079 1051 3135 delevit
1076 3080 1389 3135 Lambinus.
1461 3081 1859 3148 Lachmannus,
1885 3097 1993 3135 ser-

285 3167 413 3220 vato
435 3183 614 3234 versu,
632 3184 732 3237 pro
755 3179 1029 3221 AFFLUAT
1052 3168 1275 3237 scripsit
1298 3176 1503 3224 arceat.
