2259 3442
227 119 303 174 28
1053 133 1086 172 1

221 210 317 275 illi*
336 237 460 275 cum
494 219 718 275 videant
753 218 938 287 solem,
973 236 1070 272 nos
1106 219 1293 273 sidera
1324 219 1502 273 noctis
1838 233 1931 272 1065

223 313 463 365 cernere,
497 300 555 350 et
590 296 817 349 alternis
852 295 1131 349 nobiscum
1168 298 1417 364 tempora
1449 295 1586 348 caeli

226 372 476 427 dividere
512 376 572 427 et
606 375 794 426 noctes
830 372 1018 440 parilis
1054 372 1267 439 agitare
1303 371 1514 426 diebus,

226 450 326 504 sed
360 466 529 503 vanus
565 447 780 501 stolidis
816 447 949 501 haec

225 525 461 594 amplexi
497 523 647 593 quod
680 523 888 577 habent
921 539 1054 591 perv

224 618 351 655 nam
386 600 627 654 medium
663 599 740 653 nil
779 616 899 653 esse
934 602 1121 669 potest
1837 615 1933 655 1070

223 677 451 730 infinita.
488 693 668 744 neque
704 676 937 744 omnino,
976 677 1020 728 si
1054 677 1164 729 iam
1200 677 1457 741 medium
1485 677 1583 750 323,

224 753 396 822 possit
429 752 507 806 ibi
545 753 834 821 quicquam
869 752 1170 807 consistere

223 846 386 897 quam
423 829 614 897 quavis
650 829 756 883 alia
789 829 950 898 longe
985 829 1198 883 ratione

222 905 398 958 omnis
433 905 576 958 enim
612 906 760 959 locus
795 922 858 960 ac
893 906 1144 976 spatium,
1182 906 1332 973 quod
1366 906 1531 959 inane
1565 922 1839 973 vocamuS‚

220 997 327 1049 per·
357 981 613 1049 medium,
650 999 749 1050 per
781 999 890 1036 non
924 981 1183 1047 medium,
1218 982 1517 1036 concedere
1551 983 1699 1036 debet
1835 996 1931 1034 1075

221 1073 398 1126 aeque
432 1057 778 1127 ponderibus,
817 1063 997 1113 motus
1033 1074 1378 1127 quacumque
1413 1058 1677 1113 feruntur.

223 1150 323 1187 nec
359 1135 646 1202 quisquam
682 1136 829 1189 locus
867 1139 965 1203 est,
1003 1151 1111 1204 quo
1148 1151 1375 1203 corpora
1408 1152 1533 1189 cum
1567 1139 1858 1201 venerunt,

221 1211 479 1279 ponderis
515 1212 716 1265 amissa
751 1213 804 1265 vi
839 1213 1049 1281 possint
1084 1215 1233 1265 stare
1268 1211 1334 1265 in
1369 1212 1543 1279 inani3

221 1304 323 1342 nec
359 1288 510 1357 quod
544 1288 704 1342 inane
739 1293 924 1342 autem
966 1292 1053 1342 est
1088 1289 1187 1341 ulli
1222 1288 1522 1343 subsistere
1558 1288 1743 1357 debet,

222 1364 370 1431 quin,
409 1380 507 1417 sua
543 1363 694 1432 quod
724 1367 927 1418 natura
960 1365 1120 1433 petit,
1156 1367 1456 1419 concedere
1490 1368 1700 1435 pergat.
1832 1377 1929 1416 1080

221 1437 370 1492 haud
403 1439 574 1507 igitur
611 1443 840 1508 possunt
875 1439 974 1493 tali
1010 1440 1221 1493 ratione
1258 1442 1437 1495 teneri

221 1531 308 1568 res
342 1515 397 1568 in
434 1515 659 1569 concilio
695 1515 862 1568 medii
900 1515 1206 1584 cuppedine
1240 1517 1431 1573 victae.

292 1591 588 1655 Praeterea
622 1592 880 1660 quoniam
917 1608 1024 1645 non
1061 1592 1243 1645 omnia
1276 1609 1505 1662 corpora
1539 1595 1752 1662 fingunt

218 1668 276 1721 in
311 1668 552 1722 medium
587 1669 704 1736 niti,
742 1668 842 1722 sed
876 1672 1149 1722 terrarum
1187 1671 1354 1737 atque
1388 1671 1630 1741 liquoriS,

221 1749 280 1800 et
315 1744 485 1813 quasi,
504 1747 727 1799 terreno
764 1762 918 1814 quae
943 1761 1169 1814 corpore
1206 1746 1601 1813 contineantur,
1828 1759 1927 1798 1085

218 1836 462 1874 umorem
497 1822 652 1890 ponti
688 1837 1023 1890 magnasque
1062 1839 1094 1875 e
1129 1824 1408 1877 montibus
1444 1823 1636 1890 11111188,

220 1899 280 1950 at
314 1900 506 1950 contra
540 1897 722 1951 tenuis
759 1902 1037 1966 exponunt
1073 1894 1215 1954 aeris
1251 1916 1409 1953 auras

220 1975 279 2026 ct
314 1972 518 2026 calidos
555 1973 711 2027 simul
747 1990 782 2028 a
816 1974 998 2028 medio
1035 1975 1309 2030 differrier
1342 1976 1496 2044 ignis,

220 2052 389 2116 atque
422 2049 548 2103 ideo
584 2052 764 2104 totum
799 2051 1002 2104 circum
1039 2056 1282 2106 tremere
1319 2051 1544 2105 aethera
1578 2049 1744 2118 signis

220 2129 278 2178 et
313 2125 440 2193 solis
475 2125 747 2180 flammam
783 2144 883 2195 per
917 2127 1051 2181 caeli
1085 2128 1304 2182 caerula
1336 2127 1498 2195 pasci,
1831 2140 1928 2179 1090

219 2201 368 2269 quod
403 2202 551 2256 calor
586 2218 619 2255 a
653 2202 834 2256 medio
868 2203 1083 2272 fugiens
1119 2221 1179 2258 se
1213 2203 1289 2256 ibi
1321 2203 1563 2269 ,conligat
1598 2201 1787 2268 01111118,

220 2293 319 2331 nec
354 2293 604 2346 prorsum
621 2279 924 2341 ‚arboribus
961 2296 1197 2333 summos
1233 2278 1585 2332 frondescere
1620 2291 1800 2330 ramos

218 2369 395 2421 posse,
429 2354 532 2407 nisi
568 2371 602 2408 a.
637 2355 803 2409 terris
836 2355 1101 2424 paulatim
1138 2355 1332 2423 cuique
1367 2351 1607 2406 cibatum

1830 2519 1927 2558 1095

1829 2897 1928 2937 1100

160 3071 169 3079 -
216 3049 289 3087 ne
324 3032 532 3087 volucri
567 3033 682 3086 ritu
706 3033 1059 3093 ,flammarum
1093 3037 1308 3090 moenia
1340 3034 1533 3088 mundi

218 3107 507 3176 diffugiant
543 3108 724 3162 subito
759 3125 1015 3175 magnum
1049 3128 1152 3178 per
1184 3112 1344 3164 inane
1381 3110 1563 3165 soluta

230 3188 278 3239 -t
311 3201 381 3239 ne
417 3187 603 3239 cetera
636 3184 904 3238 consimili
940 3186 1152 3240 ratione
1188 3190 1489 3255 sequantur
