2259 3442
1157 120 1220 177 V
1936 123 2046 186 147

305 224 533 280 mittere
567 227 627 279 et
659 223 870 279 utilitas
905 223 1182 294 expressit
1213 224 1435 278 nomina
1468 241 1670 295 rerum,

304 315 413 354 non
448 301 556 355 alia
587 301 751 370 longo
785 301 999 356 ratione
1031 304 1200 368 atque
1234 300 1356 369 ipsa
1390 301 1611 355 videtur
1953 318 2051 359 1030

303 377 630 445 protrahere
664 378 738 432 ad
771 381 991 446 gestum
1025 394 1226 446 pueros
1260 377 1491 431 infantia
1523 377 1756 447 linguae,
1799 379 1805 385 ’

304 470 430 508 011111
465 454 597 509 facit
631 458 694 508 ut
730 454 904 523 digito
940 472 1080 523 quae
1116 454 1227 508 sint
1260 454 1574 523 praesentia
1608 457 1927 513 monstrent.

304 531 475 585 sentit
509 531 657 585 enim
691 531 800 585 vim
837 530 1069 601 quisque
1105 547 1261 584 suam
1297 529 1482 600 quoad
1515 532 1689 601 possit
1722 531 1893 588 abuti.

305 621 510 661 cornua
542 608 674 661 nata
706 604 859 676 prius
895 605 1066 661 vitulo
1101 622 1266 674 quam
1302 605 1581 662 frontibus
1615 610 1825 677 extent,

302 680 414 737 illis
446 682 622 738 iratus
655 682 802 752 petit
834 684 1004 751 atque
1037 682 1270 737 infestus
1304 682 1542 751 inurget.
1949 698 2049 742 1005

305 763 368 813 at
402 760 570 815 catuli
603 759 998 830 pantherarum
1034 759 1349 828 scymnique
1384 759 1601 814 leonum

301 836 578 904 unguibus
613 852 677 890 ac
710 834 947 904 pedibus
979 834 1090 888 iam
1125 837 1244 889 tum
1281 851 1576 903 morsuque
1609 838 1936 906 repugnant,

304 912 394 964 vix
430 913 598 966 etiam
632 928 758 966 cum
793 914 924 966 sunt
958 911 1159 966 dentes
1194 927 1515 979 unguesque
1550 912 1736 967 creati.

305 988 536 1042 alituum
570 1004 735 1057 porro
768 1004 942 1056 genus
977 987 1078 1041 alis
1113 1003 1275 1040 omne
1310 986 1559 1041 videmus

304 1062 480 1117 fidere
515 1067 576 1118 et
611 1080 645 1117 a
678 1063 860 1132 pinnis
895 1063 1194 1118 tremulum
1229 1065 1423 1130 petere
1458 1062 1796 1118 auxiliatum.
1950 1080 2047 1121 1040

304 1138 535 1207 proinde
570 1142 767 1208 putare
802 1139 1043 1208 aliquem
1077 1142 1199 1191 tum
1235 1137 1455 1191 nomina
1490 1135 1835 1195 distribuisse

302 1214 470 1270 rebus
506 1218 567 1270 et
601 1214 731 1269 inde
766 1214 1012 1268 homines
1047 1213 1308 1268 didicisse
1343 1214 1606 1268 vocabula
1639 1214 1835 1285 prima,

303 1291 627 1361 desiperest.
663 1308 789 1346 nam
826 1307 925 1345 cur
957 1291 1045 1345 hic
1079 1295 1269 1359 posset
1303 1295 1499 1345 cuncta
1533 1294 1727 1350 notare

302 1368 526 1423 vocibus
560 1372 620 1423 et
654 1369 833 1423 varios
869 1369 1079 1422 sonitus
1114 1367 1370 1422 emittere
1403 1366 1633 1440 linguae,

303 1448 553 1515 tempore
577 1445 771 1500 eodem
794 1445 885 1499 alii
909 1446 1090 1499 facere
1112 1444 1173 1499 id
1197 1461 1306 1499 non
1330 1444 1514 1515 quisse
1537 1446 1840 1513 putentur?
1944 1461 2040 1503 1045

301 1524 591 1592 praeterea
626 1522 673 1576 si
707 1538 815 1576 non
851 1521 942 1575 alii
978 1538 1199 1591 quoque
1234 1520 1456 1576 vocibus
1490 1521 1577 1575 usi

301 1598 449 1653 inter
483 1615 543 1652 se
576 1599 810 1666 fuerant,
846 1597 994 1652 unde
1028 1599 1195 1652 insita
1227 1598 1452 1652 notities
1487 1601 1576 1652 est

300 1674 558 1729 utilitatis
593 1679 652 1729 et
685 1675 832 1729 unde
867 1675 1000 1729 data
1036 1678 1122 1730 est
1157 1674 1283 1728 huic
1316 1675 1493 1743 prima
1527 1677 1791 1744 potestas,

304 1750 439 1819 quid
473 1751 639 1805 vellet
673 1752 855 1805 facere
889 1755 954 1805 ut
990 1751 1159 1805 sciret
1193 1750 1483 1819 animoque
1517 1751 1772 1807 videret?

304 1842 501 1895 cogere
533 1826 668 1880 item
704 1826 876 1895 pluris
909 1843 1052 1880 unus
1085 1826 1372 1894 victosque
1408 1825 1633 1881 domare
1936 1843 2033 1882 1050

303 1919 414 1956 11011
447 1905 684 1972 poterat,
720 1918 905 1956 rerum
937 1907 1003 1955 ut
1039 1900 1353 1972 perdiscere
1386 1901 1609 1956 nomina
1642 1902 1862 1958 vellent.

303 1995 404 2033 nec
438 1979 654 2033 ratione
688 1979 887 2032 docere
922 1978 1034 2031 ulla
1071 1977 1413 2048 suadereque
1448 1979 1647 2045 surdis,

304 2055 441 2124 quid
476 2056 550 2109 sit
583 2071 721 2125 opus
755 2056 915 2123 facto,
950 2055 1193 2121 facilest3
1226 2071 1409 2125 neque
1444 2054 1588 2110 enim
1622 2058 1948 2126 paterentur

305 2149 406 2186 1100
441 2131 657 2186 rationo
693 2132 805 2186 ulla
838 2130 943 2185 sibi
977 2132 1193 2186 ferrent
1228 2131 1460 2199 amplius
1497 2132 1649 2185 auris

304 2207 451 2263 vocis
486 2208 764 2263 inauditos
799 2207 1009 2262 sonitus
1044 2205 1355 2261 obtundere
1390 2207 1612 2262 frustra.
1930 2223 2026 2265 1055

304 2288 584 2353 postremo
621 2283 756 2354 quid
788 2284 848 2338 in
882 2284 987 2339 hac
1019 2282 1270 2337 mirabile
1304 2285 1651 2353 tantoperest
1684 2300 1768 2351 ro,

304 2359 351 2412 si
384 2377 560 2429 genus
592 2360 904 2428 humanum,
940 2359 1029 2415 cui
1064 2375 1171 2413 vox
1206 2363 1266 2414 et
1299 2359 1486 2429 lingua
1518 2360 1747 2428 vigeret,

303 2452 405 2504 pro
439 2437 591 2490 vario
624 2454 788 2491 sensu
820 2437 971 2491 varia
1004 2452 1095 2491 res
1132 2452 1266 2491 voce
1301 2438 1555 2492 notaret?

304 2528 429 2566 011111
462 2512 701 2580 pecudes
735 2516 934 2578 mutae,
971 2529 1097 2567 011111
1132 2512 1371 2580 denique
1407 2512 1586 2567 saecla
1619 2513 1859 2568 ferarum

303 2587 583 2642 dissimilis
618 2588 831 2643 soleant
864 2605 1026 2643 voces
1060 2589 1350 2658 variasque
1386 2589 1546 2656 ciere,
1926 2603 2023 2644 1000

304 2681 428 2719 011111
463 2667 644 2719 metus
678 2667 776 2719 aut
810 2664 967 2718 dolor
1000 2666 1089 2718 est
1123 2668 1184 2719 00
1215 2681 1341 2719 011111
1376 2665 1485 2719 iam
1527 2664 1730 2733 gaudia
1769 2664 2020 2733 gliscunt.

304 2741 506 2810 quippe
543 2740 746 2795 etenim
780 2740 908 2795 lieet
942 2739 1002 2794 id
1038 2740 1206 2796 rebus
1242 2756 1569 2809 cognoscere
1602 2741 1828 2810 apertis.

303 2817 530 2872 inritata
563 2833 758 2872 canum
794 2833 917 2872 cum
953 2818 1192 2884 primum
1227 2833 1428 2886 magna
1462 2815 1762 2871 Molossum

304 2893 489 2948 mollia
521 2893 662 2948 ricta
695 2894 939 2947 fremunt
974 2893 1142 2947 duros
1175 2893 1443 2949 nudantia
1477 2892 1691 2961 (1011000,

304 2969 465 3037 longe
498 2969 604 3023 alio
641 2969 823 3023 sonitu
857 2968 1008 3023 rabie
1044 2969 1302 3023 restlicta
1336 2968 1631 3036 minantur,
1921 2984 2017 3026 1065

305 3049 364 3099 ot
397 3062 521 3099 cum
555 3046 665 3099 iam
698 3045 907 3100 latrant
941 3047 1001 3100 et
1034 3044 1259 3099 vocibus
1295 3045 1476 3099 omnia
1511 3045 1805 3113 complent.

303 3123 365 3175 et
396 3121 610 3175 catulos
642 3121 846 3177 blande
879 3138 1007 3177 cum
1040 3121 1228 3190 lingua
1259 3121 1502 3175 lambere
1537 3123 1814 3190 temptant

304 3200 401 3251 aut
433 3196 532 3251 ubi
564 3213 661 3251 eos
695 3197 902 3255 iactant
933 3197 1173 3269 pedibus
1206 3213 1505 3267 morsuque
1538 3198 1793 3267 petentes
1876 3268 1884 3273 ι
