2259 3442
221 98 302 165 8‘6
1024 109 1127 165 111

218 209 551 279 occiderunt,
592 212 805 280 maguis
840 213 935 281 qui
968 211 1228 281 gentibus
1262 210 1672 281 imperitarunt.⁴

216 286 312 340 ille
334 303 555 357 quoque
585 288 717 358 ipse,
740 288 885 342 viam
904 290 996 357 qui
1022 287 1299 356 quondam
1323 303 1423 357 per
1445 304 1598 343 mare
1620 304 1881 358 magnum

218 364 416 418 stravit
450 364 665 434 iterque
703 364 861 418 dedit
893 364 1197 433 legionibus
1230 364 1312 418 ire
1346 381 1448 434 per
1480 365 1655 419 altum
1834 381 1933 423 1000

219 456 284 494 ae
319 440 552 510 pedibus
590 441 760 494 salsas
795 441 983 494 docuit
1018 457 1278 510 superare
1312 440 1536 495 lucunas

222 519 281 570 et
316 516 607 571 contemsit
644 517 796 584 equis
833 517 1100 570 insultans
1134 532 1417 571 murmura
1450 517 1622 586 ponti,

218 592 422 646 lumine
457 592 714 660 adempto
754 592 989 647 animam
1026 593 1352 647 moribundo
1389 609 1615 659 corpore
1647 593 1811 648 fudit.

220 669 515 738 Scipiadas,
554 668 680 722 belli
719 668 941 737 fulmen,
980 669 1329 738 Carthaginis
1363 669 1574 736 horror,

223 761 348 799 ossa
383 744 541 798 dedit
577 748 758 799 terrae
793 745 1025 814 proinde
1058 762 1124 800 ae
1157 745 1326 800 famul
1363 746 1581 800 infimus
1616 750 1777 802 essct.
1828 762 1924 803 1035

223 822 369 876 adde
403 825 718 889 repertores
755 822 1127 877 doctrinarum
1163 826 1332 892 atque
1366 822 1629 892 leporum,

219 897 364 951 adde
402 896 825 951 Heliconiadum
861 899 1119 965 comites3
1154 916 1385 968 quorum
1421 915 1563 953 unus
1598 901 1876 956 Homerus

223 978 442 1043 secptra
475 974 687 1043 potitus
726 974 921 1029 eadem
956 975 1077 1030 aliis
1112 975 1308 1044 sopitu’
1347 974 1604 1044 quietest.

218 1050 456 1119 «lenique
493 1051 869 1106 Democritum
913 1056 1206 1122 postquam
1241 1056 1460 1107 matura
1492 1055 1742 1108 vetustas

217 1127 499 1182 admonuit
532 1145 802 1184 memores
837 1133 1019 1183 motus
1055 1130 1404 1198 languescere
1439 1130 1654 1197 mentis»,
1835 1144 1933 1184 101⁰

220 1210 415 1273 sponte
452 1222 549 1261 sua
584 1205 697 1279 leto
732 1210 899 1276 caput
934 1207 1123 1260 obvius
1162 1206 1362 1274 optulit
1397 1206 1527 1274 ipse.
1608 1242 1613 1246 -
1654 1241 1661 1247 -
1704 1226 1722 1251 ··

263 1298 337 1334 »se
374 1281 640 1351 Epicurus
676 1282 795 1337 obit
830 1282 1061 1336 decurso
1098 1283 1298 1335 lumine
1334 1281 1496 1349 vitae,
1688 1300 1699 1329 ι
1738 1298 1763 1327 t

218 1377 252 1424 «1
274 1357 311 1411 ti
347 1374 522 1427 genus
555 1358 852 1413 humanum
885 1358 1102 1425 ingenio
1139 1357 1418 1426 superavit
1453 1361 1513 1411 et
1547 1358 1724 1411 omnis

220 1434 522 1501 restincxit,
562 1434 747 1487 stellas
782 1438 1008 1487 exortus
1043 1439 1107 1487 ut
1144 1433 1420 1487 aetherius
1456 1433 1551 1487 sol.

218 1518 278 1563 tu
317 1526 449 1563 vero
486 1508 766 1563 dubitabis
803 1513 862 1563 et
896 1508 1254 1577 indignabere
1288 1508 1440 1563 obire
1454 1510 1473 1562 ‘3
1832 1523 1930 1563 102⁵

218 1590 435 1640 mortua
469 1586 553 1639 cui
590 1585 704 1638 vita
739 1588 826 1639 est
860 1600 1032 1653 prope
1068 1585 1176 1638 iam
1212 1584 1334 1638 vivo
1369 1588 1540 1654 atque
1575 1584 1804 1654 videnti,

216 1663 308 1729 qui
347 1678 534 1715 sonmo
570 1666 794 1730 partem·
822 1656 1084 1715 maiorem
1119 1661 1357 1715 conteris
1393 1661 1511 1715 aevi

216 1743 276 1792 ct
311 1737 536 1806 vigilans
573 1738 761 1792 stertis
798 1754 897 1794 nec
932 1738 1145 1795 somnia
1179 1754 1404 1792 eernere
1439 1754 1620 1792 cessas

215 1814 611 1883 sollicitamque
645 1816 793 1882 geris
827 1831 979 1870 cassa
1012 1814 1304 1869 formidine
1339 1819 1583 1869 mentem

215 1909 316 1947 nee
350 1893 593 1961 reperire
627 1897 786 1960 potes
821 1891 923 1946 tibi
962 1892 1098 1960 quid
1134 1893 1208 1946 sit
1243 1908 1408 1960 saepe
1442 1891 1589 1960 mali,
1624 1908 1749 1947 eum
1833 1905 1928 1946 105⁰

216 1969 401 2023 ebrius
436 1967 648 2036 urgeris
684 1968 870 2022 multis
905 1969 1072 2023 miser
1104 1969 1347 2037 undique
1383 1970 1526 2023 curis

214 2050 383 2115 atquo
418 2046 583 2100 animi
618 2045 827 2099 incerto
863 2045 1081 2107 fluitans
1117 2061 1305 2099 errore
1340 2040 1586 2113 vagaris)
1620 2040 1629 2090 ἶ
1669 2080 1675 2087 ·

286 2123 345 2178 Si
379 2125 603 2192 possent
637 2121 898 2189 homines,
935 2121 1167 2191 proinde
1201 2138 1265 2175 ac
1301 2122 1505 2175 sentire
1539 2112 1799 2175 fidentnr

215 2200 430 2266 pondus
461 2199 643 2253 inesse
678 2198 858 2252 animo
896 2198 1044 2267 quod
1079 2214 1140 2251 se
1174 2196 1446 2265 gravitate
1481 2197 1695 2263 fatiget,

213 2293 247 2330 e
283 2274 483 2345 quibus
519 2273 580 2326 id
615 2273 716 2326 fiat
751 2274 927 2327 causis
963 2290 1182 2342 quoque
1220 2289 1442 2327 noscere
1477 2276 1536 2325 et
1569 2271 1717 2325 unde
1834 2286 1928 2327 1055

214 2357 371 2406 tanta
408 2350 533 2403 mali
571 2352 852 2418 tamquam
888 2349 1059 2402 moles
1095 2349 1152 2402 in
1186 2352 1410 2418 pectore
1445 2351 1674 2412 constet,

212 2429 348 2482 haut
384 2427 464 2481 ita
499 2425 668 2480 vitam
705 2429 947 2493 agerent,
983 2428 1047 2478 ut
1081 2442 1226 2479 nunc
1260 2423 1581 2494 plerumque
1618 2424 1869 2478 videmus

213 2504 350 2573 quid
385 2502 490 2557 sibi
528 2501 761 2571 quisque
796 2501 930 2555 velit
963 2502 1176 2555 nescire
1210 2505 1270 2556 et
1304 2517 1573 2572 quaerero
1609 2516 1824 2570 sempor

214 2583 549 2634 commutare
588 2578 763 2631 locum
801 2577 957 2645 quasi
994 2594 1130 2631 onus
1168 2579 1441 2648 deponere
1475 2578 1661 2647 possit.

212 2658 331 2712 exit
370 2673 531 2725 saepe
567 2655 712 2708 foras
748 2653 960 2721 magnis
998 2672 1065 2708 ex
1103 2655 1332 2710 aedibus
1365 2655 1473 2723 ille,
1833 2668 1930 2708 1000

214 2753 334 2791 esse
371 2735 517 2790 domi
556 2747 716 2799 quem
753 2734 1137 2800 pertaesumst,
1177 2733 1468 2801 subitoque
1501 2730 1749 2797 revertit,

214 2812 416 2882 quippe
451 2809 582 2862 foris
618 2807 730 2860 nilo
766 2807 961 2861 melius
997 2809 1091 2876 qui
1131 2810 1334 2863 sentiat
1368 2824 1504 2863 esse.

212 2890 386 2945 currit
423 2902 590 2954 agens
628 2899 854 2937 mannos
889 2883 963 2937 ad
999 2885 1183 2941 villam
1218 2885 1656 2956 praecipitanter,

213 2966 473 3021 auxilium
509 2961 672 3016 tectis
708 2959 864 3028 quasi
901 2960 1048 3016 ferre'
1080 2956 1404 3018 ardentibus
1437 2961 1676 3021 instans3

210 3045 406 3099 oscitat
442 3037 733 3105 extempIO,
770 3035 960 3104 tetigit
994 3044 1118 3093 cum
1156 3040 1343 3094 limina
1378 3038 1555 3104 villae,
1831 3049 1928 3091 1005

210 3125 309 3177 aut
323 3117 459 3175 'abit
493 3117 548 3169 in
587 3128 833 3166 somnum
869 3116 1050 3181 gravis
1086 3120 1255 3185 atque
1291 3115 1487 3170 oblivia
1521 3109 1754 3180 quaerit,

215 3202 308 3234 ΜΦ
345 3196 511 3252 etiam
547 3203 842 3260 properans
877 3192 1069 3245 urbem
1106 3192 1252 3260 petit
1287 3198 1456 3262 atque
1491 3187 1696 3245 revisit.
