2259 3442
1156 81 1224 137 ΙΙ
1958 87 2035 145 41

334 201 459 239 esse
494 200 675 253 neque
709 185 928 239 omnino
965 184 1120 239 flexis
1156 185 1504 240 mucronibus
1537 204 1694 257 unca,

331 262 437 316 sed
471 262 644 330 magis
678 260 908 330 angellis
942 262 1166 330 paulum
1201 263 1566 330 prostantibu'
1602 264 1813 332 quique

331 338 561 392 titillare
597 339 772 405 magis
809 354 998 391 sensus
1033 354 1199 406 quam
1233 338 1457 393 laedere
1494 341 1706 410 possint
1721 362 1734 407 ;

331 415 514 469 fecula
546 414 653 467 iam
691 430 797 482 quo
834 414 905 467 de
939 429 1144 482 genere
1180 418 1266 468 est
1302 415 1590 493 inpia—eque
1624 433 1861 486 sapores.
1963 430 2038 472 430

331 492 570 560 denique
606 490 717 543 iam
753 489 959 543 calidos
994 489 1138 557 ignis
1172 490 1520 561 gelidamque
1554 493 1808 562 pruinam

330 567 585 622 dissimili
622 565 851 640 dentata
886 566 1051 620 modo
1088 583 1434 636 conpungere
1468 584 1662 623 sensus

330 643 592 714 corporis,
629 642 830 696 indicio
868 642 1024 697 nobis
1062 646 1150 698 est
1184 646 1368 698 tactus
1401 647 1649 713 uterque.

330 723 514 776 tactus
549 720 710 785 enim,
749 723 1083 789 tactust-pro
1121 720 1310 775 divum
1344 721 1568 775 numina
1600 724 1857 790 sancta,-

328 798 575 867 corporis
593 799 701 850 'est
737 813 943 864 sensus,
983 797 1069 850 vel
1107 814 1232 851 cum
1267 813 1357 851 res
1391 800 1585 851 extera
1619 814 1741 852 6666
1969 812 2041 851 435

329 873 580 939 insinuat,
616 873 703 927 vel
731 889 866 926 -cum
902 872 1076 926 laedit
1112 889 1257 941 quae
1291 874 1348 925 in
1387 889 1614 942 corpore
1648 876 1834 928 natast

307 944 429 1029 Qut
460 950 613 1003 iuvat
647 948 939 1017 egrediens
976 949 1229 1017 genitalis
1264 956 1365 1014 per
1405 950 1637 1003 Veneris
1670 942 1834 1026 1661)-

328 1029 428 1080 aut
462 1042 531 1079 ex
566 1026 773 1080 offensu
809 1042 933 1079 cum
970 1025 1202 1079 turbant
1239 1041 1468 1094 corpore
1502 1027 1558 1078 in
1592 1026 1711 1095 ipso

328 1101 540 1155 semina
575 1101 1024 1168 confunduntque
1060 1100 1208 1155 inter
1242 1117 1303 1154 se
1341 1101 1556 1155 concita
1591 1114 1843 1168 sensum:

329 1180 393 1231 ut
429 1177 476 1230 si
511 1178 655 1232 forte
691 1194 856 1231 manu
892 1178 1139 1246 quamvis
1175 1178 1285 1232 iam
1324 1178 1567 1247 corporis
1602 1181 1721 1246 ipse
1964 1194 2040 1233 440

328 1256 452 1307 tute
488 1254 588 1308 tibi
626 1256 844 1322 partem
882 1253 1048 1307 ferias
1085 1256 1254 1323 atque
1290 1253 1589 1322 experiare.

324 1333 666 1400 quapropter
700 1330 862 1398 longe
901 1331 1104 1385 formas
1140 1330 1353 1385 distare
1388 1335 1666 1385 necessest

325 1406 623 1475 principiis,
663 1406 841 1460 varios
878 1423 1019 1474 quae
1054 1407 1268 1476 possint
1299 1406 1469 1462 edere
1504 1422 1709 1461 66116116.

400 1483 649 1553 Denique
684 1499 827 1552 quae
862 1482 1023 1536 1101116
1058 1483 1261 1539 durata
1293 1500 1360 1537 ac
1397 1484 1572 1552 spissa
1605 1483 1881 1554 videntur,

326 1559 462 1615 11666
496 1559 673 1629 magis
709 1559 947 1614 hamatis
984 1559 1132 1614 inter
1165 1577 1288 1614 sese
1325 1576 1445 1614 esse
1480 1563 1758 1615 necessest
1964 1573 2037 1615 445

325 1639 389 1691 et
423 1637 580 1705 quasi
615 1636 845 1690 ramosis
881 1637 993 1690 alte
1029 1640 1314 1706 compacta
1346 1637 1540 1691 teneri.

326 1711 384 1765 in
419 1730 526 1780 quo
561 1712 672 1766 iam
708 1728 910 1781 genere
944 1712 1002 1764 in
1039 1713 1230 1781 primis
1267 1712 1617 1768 adamantina
1651 1729 1785 1768 saxa

326 1787 507 1857 prima
533 1783 658 1843 acie
693 1791 949 1842 constant
983 1788 1127 1842 ictus
1165 1791 1515 1842 contemnere
1550 1792 1711 1844 sucta

324 1868 388 1931 et
422 1864 588 1918 validi
625 1864 804 1918 silices
839 1880 904 1917 66
940 1863 1065 1916 duri
1103 1863 1302 1916 robora
1337 1863 1469 1916 ferri

323 1957 564 2008 aeraque
601 1955 742 2008 quae
779 1938 1033 1993 claustris
1069 1939 1338 1992 restantia
1371 1937 1756 1992 vociferantur.
1963 1954 2036 1993 450

324 2017 420 2070 illa
455 2015 679 2084 quidem
716 2015 924 2069 debent
955 2031 990 2068 e
1024 2014 1235 2069 levibus
1271 2018 1438 2083 atque
1473 2013 1728 2071 rutundis

324 2109 449 2147 esse
484 2091 671 2160 magis,
707 2080 911 2147 fliivido
946 2108 1089 2161 quae
1122 2107 1351 2161 corpore
1392 2089 1602 2161 liquida
1638 2094 1917 2158 constant3

302 2159 531 2237 (NAMQUE
550 2182 819 2216 PAPAVERIS
839 2182 1061 2215 munros
1082 2181 1254 2215 rmum·
1275 2181 1462 2216 FA011218
1482 2181 1613 2221 QUOD
1632 2163 1901 2220 AQUARUHl

326 2263 428 2302 1166
468 2247 778 2301 retinentur
818 2246 962 2300 6111111
993 2247 1142 2300 inter
1178 2263 1239 2300 se
1277 2245 1672 2314 glomeramina
1710 2265 1962 2320 quaeque

325 2326 388 2378 et
426 2340 716 2392 procursus
755 2324 888 2377 item
929 2323 1171 2393 proclive
1215 2322 1465 2378 volubilis
1502 2326 1701 2379 exstat.
1963 2342 2036 2381 455

326 2400 509 2454 omnia
544 2403 822 2470 postremo
864 2417 1005 2468 quae
1046 2403 1255 2469 puncto
1293 2403 1543 2469 tempore
1577 2402 1756 2456 cernis

325 2475 607 2544 diffugere,
645 2480 710 2530 ut
749 2477 959 2530 fumum
995 2477 1223 2530 nebulas
1261 2476 1633 2545 flammasque,
1675 2479 1970 2547 necessest,

326 2552 375 2605 si
414 2552 594 2606 minus
634 2552 869 2606 omnibu'
911 2557 1039 2606 sunt
1079 2569 1111 2606 e
1151 2552 1363 2606 levibus
1401 2557 1569 2621 atque
1609 2553 1882 2622 rutundis,

327 2630 389 2683 at
427 2644 536 2682 non
581 2644 703 2682 esse
740 2631 924 2682 tamen
962 2627 1243 2697 perplexis
1280 2628 1620 2698 indupedita,
1668 2675 1682 2693 ,

326 2721 572 2774 pungere
590 2706 695 2758 -uti
738 2705 950 2774 possint
986 2721 1183 2773 corpus
1217 2708 1617 2774 penetrareque
1656 2680 1803 2771 ⁸51&
1956 2720 2030 2760 400

329 2797 431 2836 1166
467 2785 653 2836 tamen
687 2780 915 2835 haerere
949 2781 1097 2836 inter
1132 2797 1223 2847 se;
1257 2780 1639 2849 quodcumque
1673 2782 1923 2836 videmus

329 2857 562 2912 sensibu'
599 2858 676 2919 sie
710 2858 901 2925 latum,
936 2857 1096 2912 facile
1129 2861 1195 2911 ut
1231 2872 1559 2924 cognoscere
1593 2857 1769 2926 possis
1886 2874 1893 2881 ·

329 2949 437 2987 non
475 2951 507 2988 6
542 2934 820 3004 perplexis
856 2934 955 2988 sed
990 2934 1168 2989 acutis
1203 2949 1323 2987 esse
1358 2932 1658 2987 elementis.

329 3008 431 3062 sed
466 3009 615 3078 qnod
649 3027 838 3064 amara
869 3010 1022 3064 vides
1058 3011 1252 3064 eadem
1288 3026 1427 3078 (11166
1462 3008 1665 3065 fluvida
1698 3012 1965 3077 constant,

330 3085 499 3137 sudor
532 3086 614 3138 uti
649 3086 814 3139 maris
849 3091 948 3152 est,
983 3087 1208 3141 minime
1243 3084 1492 3139 mirabile
1527 3085 1741 3139 habeto.
1852 3122 1857 3127 -
1963 3098 2036 3137 465

186 3156 457 3285 sgtfflnam
491 3160 640 3229 quod
673 3156 908 3215 fluvidus
943 3167 1049 3232 est,
1084 3179 1117 3217 e
1152 3162 1360 3217 levibus
1396 3165 1563 3230 atque
1597 3160 1850 3216 rutundis

344 3238 371 3277 7
