2259 3442
1131 116 1239 175 111

329 220 565 274 momine
602 219 683 272 uti
719 235 885 288 parvo
920 220 1132 288 possint
1166 219 1379 288 inpulsa
1413 220 1632 274 moveri.

329 312 564 365 namque
598 300 850 349 movetur
884 311 1027 364 aqua
1060 298 1122 350 et
1157 295 1376 350 tantillo
1410 296 1647 350 momine
1683 295 1846 350 flutat

267 376 271 415 ἑ
328 372 530 441 quippe
567 371 893 426 volubilibus
928 373 1219 443 parvisque
1252 377 1437 428 creata
1471 373 1675 440 figuris.

258 466 266 529 ,¹
297 468 326 525 q
344 479 374 520 p
422 451 614 503 eontra
646 447 823 502 mellis
841 450 1194 503 ,constantior
1228 454 1314 504 est
1348 453 1546 503 natura

328 527 388 578 ct
423 524 566 594 pigri
601 525 791 579 latices
826 526 1000 594 magis
1036 529 1095 579 et
1128 526 1474 580 cunctantior
1509 528 1694 592 actus3

327 600 523 656 haeret
559 601 704 656 enim
740 602 886 656 inter
921 618 981 656 se
1015 602 1193 669 magis
1227 601 1404 655 omnis
1429 601 1689 656 materiai

328 678 497 748 copia,
532 678 788 733 nimirum
827 679 957 747 quia
990 694 1100 732 non
1135 682 1252 732 tam
1286 678 1498 733 levibus
1533 682 1690 733 extat

223 794 230 799 -
265 764 310 815 ἃ,
326 753 645 823 corporibus
680 772 856 825 neque
892 759 1007 811 tam
1044 754 1338 823 suptilibus
1374 758 1540 825 atque
1574 754 1846 809 rutundis.

327 847 560 900 namque
594 833 883 901 papaveris
917 848 1053 886 aura
1086 835 1275 899 potest
1311 847 1575 900 suspensa
1606 831 1851 898 levisque

326 923 522 975 cogere
558 915 621 962 ut
656 908 727 961 ab
762 923 973 963 summo
1010 907 1113 961 tibi
1150 906 1363 961 diffluat
1398 907 1541 961 altus
1576 923 1817 961 acervus.

327 987 389 1037 at
423 987 615 1038 contra
648 983 893 1053 lapidum
929 983 1239 1038 conlectum
1273 983 1392 1052 ipse
1427 983 1576 1036 euru'
1613 998 1835 1035 movere

324 1073 506 1112 noenu
542 1063 742 1127 potest.
777 1060 948 1127 igitur
980 1059 1305 1128 parvissima
1338 1074 1582 1126 corpora·
1603 1073 1870 1125 proquam

326 1137 387 1187 et
421 1133 692 1188 levissima
727 1138 867 1202 sunt,
902 1135 984 1188 ita
1018 1133 1328 1188 mobilitate
1360 1134 1632 1187 fruuntur.

324 1213 386 1263 at
420 1214 614 1264 eontra
646 1226 1017 1279 quaecumque
1051 1209 1226 1277 magis
1260 1225 1384 1263 cum
1418 1208 1662 1278 pondere
1697 1224 1894 1277 magno

325 1301 627 1354 asperaque
663 1285 1026 1353 inveniuntur,
1062 1302 1127 1339 eo
1165 1284 1410 1339 stabilita
1444 1284 1619 1353 magis
1654 1287 1797 1338 suut.

325 1377 470 1415 nunc
503 1362 674 1430 igitur
706 1361 962 1430 quoniam
997 1368 1074 1416 est
1108 1360 1279 1415 animi
1313 1364 1520 1415 natura
1547 1363 1770 1430 reperta

325 1437 541 1492 mobilis
576 1440 810 1507 egregie,
847 1454 1112 1508 perquam
1148 1440 1401 1493 constare
1434 1441 1716 1492 necessest

324 1515 645 1585 corporibus
680 1515 864 1585 parvis
899 1520 958 1570 ct
992 1514 1202 1569 levibus
1236 1519 1404 1585 atque
1436 1514 1706 1568 rutundis.

326 1607 468 1659 quae
504 1591 608 1645 tibi
645 1592 862 1660 cognita
896 1608 985 1646 res
1020 1592 1077 1644 in
1111 1591 1315 1659 multis
1353 1607 1385 1644 o
1419 1589 1577 1660 bone,
1611 1588 1777 1645 rebus

326 1667 478 1721 utilis
512 1667 819 1722 invenietur
855 1672 913 1722 et
950 1671 1259 1736 opportuna
1293 1666 1513 1722 cluebit.

329 1743 464 1797 haee
498 1760 711 1812 quoque
747 1760 837 1796 rcs
872 1744 1039 1796 etiam
1074 1747 1331 1797 naturam
1367 1742 1588 1797 dedicat
1621 1743 1756 1810 cius,

325 1837 488 1889 quam
524 1819 679 1873 tenui
713 1824 931 1873 constet
965 1823 1192 1873 textura
1226 1835 1498 1887 quamque
1530 1820 1651 1874 loco
1687 1836 1747 1873 se
1773 1824 1781 1833 ‘

324 1896 603 1950 contineat
637 1912 820 1963 parv0,
856 1896 902 1949 si
938 1896 1111 1963 possit
1149 1894 1561 1963 conglomerati,

323 1972 473 2041 quod
507 1970 665 2025 simul
701 1975 871 2038 atque
907 1971 1182 2024 hominem
1218 1970 1316 2024 leti
1354 1986 1545 2024 secura
1577 1970 1734 2039 quies
1770 1974 1857 2026 est

325 2048 552 2116 indepta
586 2051 753 2116 atque
788 2047 954 2100 animi
988 2049 1188 2100 natum
1221 2046 1545 2114 animaeque
1579 2047 1824 2116 recessit,

325 2124 401 2177 nil
437 2124 515 2178 ibi
550 2123 781 2177 libatum
818 2123 889 2177 de
924 2127 1044 2178 toto
1080 2138 1309 2192 corpore
1343 2138 1534 2177 cernas

325 2199 398 2253 ad
434 2200 686 2269 speciem,
720 2200 798 2254 nil
834 2199 908 2253 ad
943 2199 1186 2269 pondus:
1224 2214 1372 2253 mors
1406 2198 1589 2252 omnia
1620 2203 1868 2266 praestat

325 2276 549 2331 vitalem
585 2281 807 2345 praeter
841 2293 1058 2331 sensum
1093 2275 1440 2343 calidumque
1474 2291 1747 2345 vaporem.

326 2368 458 2420 crgo
494 2353 730 2408 animam
765 2357 942 2408 totam
976 2353 1258 2423 perparvis
1293 2368 1418 2406 esse
1450 2355 1729 2406 necessest

326 2428 637 2499 seminibus,
672 2446 868 2484 nexam
904 2446 1006 2500 per
1040 2446 1206 2485 venas
1240 2430 1451 2484 viscera
1484 2446 1709 2494 nervos;

324 2510 613 2574 quatenus,
647 2506 821 2559 omnis
854 2505 950 2560 ubi
986 2523 1018 2561 e
1053 2510 1174 2561 toto
1211 2503 1318 2560 iam
1355 2523 1583 2575 corpore
1618 2506 1801 2574 cessit,

325 2582 534 2636 extima
568 2581 935 2635 membrorum
971 2582 1404 2637 circumcaesura
1437 2589 1623 2637 tamen
1659 2599 1719 2636 se

324 2657 650 2712 incolumem
683 2660 930 2726 praestat
964 2674 1064 2712 nec
1100 2658 1242 2713 defit
1275 2659 1535 2727 ponderis
1569 2659 1754 2713 hilum.

327 2734 475 2802 quod
508 2749 683 2802 genus
718 2737 805 2787 est
841 2733 1044 2787 Bacchi
1079 2750 1203 2788 cum
1239 2735 1339 2788 flos
1374 2735 1595 2788 evanuit
1628 2739 1728 2788 aut
1759 2750 1884 2788 cum

326 2810 553 2880 spiritus
586 2809 854 2877 unguenti
891 2808 1071 2864 suavis
1105 2811 1326 2878 diffugit
1359 2812 1415 2864 in
1451 2827 1613 2864 auras

324 2891 423 2941 aut
456 2886 639 2957 aliquo
674 2903 798 2940 cum
832 2885 941 2940 iam
976 2902 1136 2941 sucus
1171 2887 1243 2940 de
1278 2902 1504 2955 corpore
1538 2887 1732 2953 cessit;

325 2963 401 3016 nil
436 2963 606 3017 oculis
639 2965 826 3017 tamen
861 2978 982 3017 esse
1015 2962 1196 3017 minor
1228 2979 1320 3017 res
1354 2963 1476 3033 ipsa
1508 2963 1730 3018 videtur

1958 117 2034 174 65

1964 386 2037 425 wo

1964 769 2035 808 195

1962 1149 2036 1186 2'00

1962 1528 2034 1567 203

1960 1912 2033 1952 210

1960 2292 2034 2332 216

323 3044 619 3109 propterea
629 3056 829 3109 ‚neque
864 3040 1179 3094 detractum
1213 3038 1286 3093 de
1318 3038 1561 3108 pondere
1596 3040 1904 3109 quicquam,
1961 3053 2035 3092 226

324 3116 579 3169 nimirum
614 3117 742 3185 quia
774 3116 948 3171 multa
982 3116 1303 3187 minutaque
1339 3116 1547 3170 semina
1581 3133 1736 3170 sucos

325 3192 567 3311 efficiunt
601 3197 660 3247 et
694 3193 916 3247 odorem
952 3194 1009 3247 in
1045 3196 1167 3248 toto
1200 3211 1428 3263 corpore
1465 3193 1558 3247 rei.
