2259 3442
1050 113 1222 166 xxxiii

280 266 351 304 ex
385 247 612 303 tordine
642 248 789 303 debet
820 246 954 302 fecit
982 249 1148 302 corde
1178 248 1452 302 videbant.
1522 246 1901 301 Lachmannus
1924 248 1985 302 cl.

279 332 646 387 conveniebat.
717 332 775 385 in
807 332 1056 400 proximo
1088 350 1251 387 versu
1289 333 1508 386 artibus
1540 348 1664 387 cum
1698 333 1989 402 superiori-

281 417 387 471 bus
407 417 675 472 coniunxi.

954 621 1191 676 LIBER
1228 622 1331 676 VI.

396 767 459 815 15
528 775 852 829 QUERELLIS,
900 760 1051 830 quod
1097 760 1227 814 libri
1273 760 1330 813 in
1378 760 1487 814 finc
1533 777 1725 815 versus
1769 759 1990 828 habent,

285 856 518 922 apparet
549 870 617 906 ex
655 858 718 908 16
751 852 859 906 huc
887 851 1190 921 irrepsisse,
1224 867 1325 905 nec
1365 850 1559 904 dubibo
1596 852 1726 918 quin
1766 850 1989 905 Lucreti

286 937 456 991 verba
502 936 841 990 resiziizuerim
888 935 1176 991 scribendo
1221 936 1345 990 sine
1391 936 1527 990 ulla.
1598 936 1988 1003 Lachmannus,

286 1025 507 1075 retcnto
553 1021 611 1073 in
656 1020 758 1075 hoc
804 1037 966 1074 versu
1012 1022 1289 1088 querellis,
1332 1025 1396 1075 16
1442 1037 1545 1089 pro
1588 1036 1767 1075 PAusA
1807 1036 1990 1082 Amtm

285 1105 551 1160 audacter
564 1106 906 1174 passimque,
931 1122 1030 1174 pro
1055 1121 1365 1167 Qui-:umus
1390 1105 1607 1174 scripsit
1620 1105 1870 1174 periclis.

400 1197 462 1246 31
537 1208 637 1261 pro
661 1205 798 1245 OASU
823 1183 1201 1245 Lachinannus
1224 1208 1411 1245 causa.

389 1284 456 1333 46
525 1294 629 1345 pro
667 1291 920 1331 mssomn
953 1277 1160 1344 optime
1194 1277 1487 1331 Gcebelius
1514 1275 1629 1331 obs.
1666 1277 1822 1332 Lucr.
1846 1295 1898 1348 p.
1925 1284 1991 1334 18

288 1365 536 1419 reesoluz’.
607 1364 678 1419 cf.
705 1380 744 1418 v
780 1367 880 1421 773
918 1364 1046 1428 Qua
1067 1363 1211 1430 fieri
1240 1363 1520 1430 quicquid
1548 1370 1735 1431 posset
1767 1364 1992 1419 ratione

288 1449 500 1503 resolvi.
567 1448 906 1519 ineptissime
945 1448 1339 1517 LachmannuS,
1378 1452 1595 1503 servato
1634 1449 1884 1520 dissolui,
1922 1456 1990 1504 45

287 1551 391 1603 pro
416 1549 684 1595 mmmmm
709 1534 928 1603 scripsit
948 1535 1195 1603 fateare,
1221 1538 1502 1603 tamquam
1535 1534 1820 1589 fatendum
1844 1539 1994 1591 essct.

284 1623 570 1689 pleraque,
602 1636 711 1674 non
750 1621 963 1688 omnia,
996 1621 1306 1676 necessario
1347 1622 1592 1676 dissolvi.
1661 1622 1809 1675 idem
1847 1622 1993 1677 valet

290 1710 482 1760 contra
507 1705 790 1775 Bernaysii
800 1703 961 1772 fiunt
976 1712 1337 1774 possuntque,
1362 1723 1418 1758 n.
1444 1705 1540 1760 Pl.
1564 1705 1807 1758 dissolri.

394 1795 461 1848 47
500 1806 617 1859 sqq.
685 1790 836 1843 locus
859 1794 1150 1859 corruptus
1173 1807 1338 1859 quem
1363 1795 1563 1856 tamen,
1588 1793 1653 1844 nt
1676 1794 1826 1859 pube,
1853 1791 1992 1844 satis

290 1877 489 1931 leniter
508 1876 807 1930 emendavi.
865 1877 1090 1930 lacunae
1115 1876 1331 1944 signum
1353 1878 1480 1944 post
1503 1879 1570 1932 47
1594 1876 1751 1943 posui
1768 1896 1781 1940 ;
1801 1881 1869 1930 48
1893 1893 1994 1944 pro

291 1967 636 2017 monstruoso
659 1979 940 2017 mmmm
956 1962 1149 2031 scripsi
1172 1978 1241 2014 ex
1254 1961 1354 2014 ira
1377 1967 1455 2013 ut.
1479 1960 1556 2014 sic
1580 1974 1639 2012 Π
1664 1964 1765 2014 820
1785 1977 1884 2028 pro
1902 1961 1996 2015 vir

296 2051 386 2103 uti
402 2049 528 2103 libri
551 2063 795 2103 νιιιτῐῐτῐ.
866 2047 1082 2116 deinde,
1106 2055 1173 2101 ut
1194 2050 1322 2116 post
1336 2047 1643 2115 placentur
1665 2045 1872 2114 addite,
1895 2064 1997 2115 pro

294 2151 478 2190 oum
512 2136 725 2203 omina,
752 2139 812 2190 et
846 2141 912 2190 49
937 2151 1038 2204 pro
1063 2149 1283 2189 nvom}
1306 2134 1524 2200 furore
1549 2133 1756 2202 scripsi.
1828 2134 1885 2186 in
1909 2133 1997 2186 his

292 2221 539 2276 versibus
584 2223 762 2291 iisque
809 2239 953 2291 quae
1007 2221 1338 2275 interierunt
1384 2219 1461 2273 sic
1520 2218 1637 2272 fcrc
1697 2218 1998 2287 disputavit

293 2311 473 2376 poeta.
519 2309 716 2363 ‘semel
742 2308 1011 2376 insignem
1035 2323 1257 2360 currum
1294 2305 1658 2360 conscendere
1692 2304 2000 2374 [Musarum

294 2392 523 2461 institui,
564 2396 623 2446 eb
663 2410 754 2447 res
794 2393 1062 2447 caelestes
1102 2409 1236 2446 vera
1282 2391 1495 2444 ratione
1535 2390 1823 2460 explicare,
1863 2406 2001 2459 quas

294 2477 539 2530 homines
579 2477 767 2546 inepte
807 2476 879 2530 ad
921 2476 1054 2530 deos
1095 2477 1356 2530 referunt.
1428 2475 1484 2529 hi
1518 2492 1642 2529 cnm
1679 2475 1998 2542 irascantur,

296 2562 520 2615 fulmina
560 2563 619 2614 et
658 2561 923 2629 procellas
967 2562 1024 2615 in
1066 2566 1271 2615 terram
1313 2562 1539 2616 mittere
1579 2561 1765 2627 aiunb3
1807 2577 1997 2614 rursus

296 2651 481 2702 autem
527 2646 860 2715 praedicant,
910 2646 1130 2714 quando
1178 2647 1412 2702 cessavit
1456 2645 1563 2714 vis]
1596 2649 1897 2711 ventorum,
1932 2649 1998 2699 ut

296 2733 446 2787 idem
484 2733 542 2787 di
583 2750 652 2788 ex
687 2732 771 2786 ira
807 2732 1105 2801 placentur,
1144 2736 1209 2787 ut
1254 2733 1471 2802 placato
1505 2732 1690 2785 furore
1725 2731 1907 2784 omina.
1942 2731 1997 2783 in

297 2819 490 2873 melius
535 2835 795 2874 conversa
842 2819 967 2872 sint.
1070 2821 1258 2872 cetera
1302 2817 1459 2887 [item
1506 2817 1689 2871 omnia
1746 2817 1819 2870 ad
1867 2818 1999 2871 deos

298 2905 565 2975 referunt]
601 2922 742 2974 quae
789 2905 908 2959 fieri
946 2922 1047 2975 sqq
1055 2905 1080 2958 .’
1158 2903 1533 2958 Lachmannus
1570 2903 1659 2957 hic
1694 2906 1905 2957 temere
1943 2908 2003 2957 cb

298 2990 447 3044 nullo
480 2992 701 3045 consilio
736 2991 865 3060 egit.
935 2995 1001 3049 47
1037 3005 1139 3061 pro
1175 3003 1449 3043 mmmmm
1485 2988 1703 3056 scripsit
1737 2989 2000 3052 institui,-

301 3081 368 3129 48
402 3092 504 3144 pro
551 3076 867 3131 Ventorum
900 3077 1158 3131 exirtant
1186 3074 1492 3144 placentur
1525 3073 1724 3126 omnia
1758 3072 2010 3126 mirabile

301 3160 404 3214 hoc
453 3161 506 3212 V
499 3178 563 3214 eu
572 3167 751 3215 comm
785 3169 837 3216 et
870 3169 1097 3217 certant·
1119 3160 1455 3231 planyentia
1475 3159 1767 3226 firmina,-
1804 3162 1870 3209 49
1907 3172 2009 3224 pro
