2259 3442
207 59 283 116 34
709 83 716 89 ·
1021 56 1108 118 11‘

201 159 506 214 convestire
542 175 640 212 sua
672 157 1005 228 perfundens
1040 155 1220 219 omnia
1256 155 1389 221 luce,

12 256 66 348 ‘s
84 255 177 303 sm
201 235 452 290 omnibus
484 235 541 288 in
575 238 837 305 promptu
872 232 1327 299 manifestumque
1362 246 1481 284 csse
1517 231 1777 285 videmus.

201 315 262 366 at
296 329 464 381 vapor
495 312 544 365 is
579 328 742 380 quem
777 311 855 364 sol
893 308 1071 362 mittit
1104 306 1400 375 lumenque
1437 323 1686 361 serenum
1837 323 1912 362 15⁰

200 405 308 442 non
342 406 444 458 per
476 389 635 443 inane
670 389 818 440 meat
852 400 1112 450 vacuum3
1147 400 1255 451 quo
1292 384 1502 438 tardius
1535 385 1617 439 ire

200 465 429 533 cogitur,
464 464 641 517 aerias
676 464 829 530 quasi
863 462 995 515 dum
1031 460 1343 514 diverberet
1377 461 1565 516 undas,

200 556 302 595 nec
339 539 650 608 singillatim
687 539 1007 609 corpuscula
1044 553 1292 606 quaeque
1325 539 1541 607 vaporis

201 616 301 671 sed
335 614 619 684 complexa
651 617 836 669 meant
870 615 1017 668 inter
1052 631 1111 667 se
1148 615 1642 685 conquegmbatae

201 695 537 762 quapropter
570 692 731 745 simul
768 692 913 746 inter
949 708 1008 744 se
1043 690 1401 745 retrahuntur
1434 693 1494 745 et
1527 694 1687 745 extra
1838 707 1911 746 155

131 787 165 832 μ
201 768 522 840 OQQQn
560 769 640 823 uti
676 772 940 838 cogantur
976 767 1190 822 tardius
1224 766 1318 820 ire.

200 848 262 899 at
296 862 436 914 quae
472 848 601 899 sunt
637 845 811 899 solida
844 844 1143 915 primordia
1178 843 1543 918 simplicitate,

200 937 326 975 cum
361 939 464 991 per
498 921 658 975 inane
693 925 882 975 meant
916 937 1146 975 vacuum
1182 936 1281 974 nec
1318 936 1405 973 res
1440 923 1750 974 remoratur

199 997 312 1051 ulla
344 998 478 1051 foris
513 1002 681 1068 atque
716 998 852 1068 ipsa,
888 997 999 1051 suis
1037 1014 1068 1051 e
1102 995 1353 1066 partibus
1391 1012 1514 1064 una,

199 1090 369 1128 unum
406 1074 462 1129 iu
497 1092 660 1143 quem
695 1091 925 1145 coepere
959 1075 1138 1128 locum
1173 1074 1365 1127 conixa
1397 1073 1665 1141 feruntur,
1837 1088 1909 1127 100

202 1151 407 1206 debent
444 1153 698 1206 nimirum
733 1152 1064 1222 praecellere
1098 1150 1403 1203 mobilitate

201 1231 261 1282 et
294 1230 467 1284 multo
503 1229 666 1284 citius
700 1229 833 1282 ferri
868 1245 1030 1298 quam
1066 1228 1270 1280 lumina
1304 1226 1432 1279 solis

199 1305 597 1373 multiplexque
632 1304 736 1358 loci
772 1306 1009 1374 spatium
1043 1308 1416 1357 transcurrere
1451 1302 1645 1356 eodem

198 1382 449 1449 tempore
483 1397 590 1446 quo
625 1379 752 1433 solis
786 1379 1107 1448 pervolgant
1142 1378 1359 1447 fulgura
1393 1379 1615 1433 caelum.

1021 1461 1051 1495 ,Β
1166 1462 1176 1469 .

142 1508 147 1517 ‘
201 1511 324 1581 [nec
359 1513 659 1581 persectari
694 1513 992 1582 primordia
1026 1513 1237 1581 singula
1271 1531 1531 1583 quaeque,
1837 1527 1909 1566 165

130 1584 141 1651 “,
200 1592 266 1644 ut
300 1589 529 1643 videant
564 1606 672 1658 qua
707 1589 938 1660 quicque
972 1592 1198 1658 geratur
1233 1606 1356 1642 cum
1391 1591 1616 1646 ratione.

274 1667 356 1719 At
391 1665 615 1734 quidam
652 1668 844 1720 contra
879 1666 1028 1734 haee,
1061 1665 1239 1733 ignari
1274 1668 1538 1736 materiai,

201 1745 453 1795 naturam
489 1759 597 1796 non
632 1759 793 1811 posse
830 1742 995 1796 deum
1033 1742 1150 1796 sine
1186 1744 1408 1797 numine
1446 1745 1680 1800 credunt

201 1820 357 1872 tanto
395 1835 561 1887 opere
595 1818 845 1873 humanis
882 1818 1183 1873 rationibus
1221 1819 1579 1876 admoderatc

201 1897 451 1964 tempora
484 1899 698 1950 mutare
735 1913 996 1950 annorum
1031 1894 1326 1966 frugesque
1351 1914 1552 1965 creare,
1837 1913 1909 1954 170

202 1974 261 2025 et
293 1971 403 2025 iam
439 1976 638 2040 cetera,
675 1973 922 2027 mortalis
959 1990 1099 2042 quac
1137 1974 1332 2027 suadet
1367 1973 1519 2028 adire

200 2047 427 2116 ipsaque
463 2048 686 2102 deducit
723 2049 836 2102 dux
871 2050 1018 2103 vitae
1055 2049 1148 2102 dia
1182 2050 1431 2118 voluptas

200 2127 259 2177 et
293 2140 383 2177 res
417 2142 518 2194 per
554 2125 787 2178 Veneris
823 2125 1106 2179 blanditur
1144 2124 1320 2179 saecla
1355 2129 1675 2193 propagent,

199 2216 269 2253 ne
302 2216 474 2268 genus
509 2201 722 2255 occidat
757 2200 1065 2253 humanum.
1102 2216 1332 2268 quorum
1371 2200 1552 2252 omnia
1586 2216 1746 2253 causa

199 2275 545 2328 constituisse
580 2276 713 2329 deos
748 2292 871 2329 cum
908 2276 1134 2343 fingunt,
1173 2274 1407 2327 omnibu'
1444 2275 1605 2328 rebus
1834 2291 1907 2332 175

198 2367 396 2418 magno
432 2366 597 2421 opere
631 2367 665 2404 a
700 2367 828 2404 vera
863 2351 1002 2420 lapsi
1038 2351 1248 2403 ratione
1282 2349 1550 2404 videntur.

197 2444 325 2480 nam
360 2427 605 2494 quamvis
641 2443 825 2480 rerum
859 2426 1104 2495 ignorem
1141 2426 1440 2497 primordia
1474 2445 1612 2497 quac
1647 2428 1772 2496 sint,

198 2503 299 2557 hoe
333 2506 519 2557 tamen
555 2520 624 2557 ex
660 2503 794 2573 ipsis
830 2503 963 2557 caeli
999 2503 1300 2558 rationibus
1337 2504 1509 2558 ausim

200 2579 521 2634 confirmare
555 2580 781 2648 aliisque
816 2598 884 2635 ex
919 2580 1083 2634 rebus
1119 2580 1354 2635 reddere
1389 2582 1590 2650 multiS,

199 2673 539 2726 nequaquam
574 2656 729 2712 nobis
766 2656 1024 2712 divinitus
1059 2675 1180 2712 esse
1215 2662 1455 2713 creatam
1599 2660 1622 2675 ““
1833 2675 1908 2714 130

199 2736 452 2787 naturam
486 2734 700 2789 mundi:
739 2734 899 2789 ταῡιῐᾶ
932 2742 1043 2789 stat
1076 2736 1332 2806 praedita
1366 2730 1538 2805 culp‘a'.

199 2826 341 2876 quae
377 2810 482 2864 tibi
515 2813 803 2881 posterius,
843 2811 1084 2882 Memmi,
1121 2814 1382 2869 faciemus
1416 2817 1622 2882 aperta.

198 2904 343 2941 nune
378 2887 438 2940 id
473 2888 621 2957 quod
657 2894 912 2960 superest
948 2890 1018 2944 de
1055 2891 1293 2945 motibus
1331 2889 1725 2960 expediemus]

270 2964 322 3016 N
325 2981 429 3018 une
453 2962 604 3019 locus
627 2969 728 3033 est,
753 2970 817 3020 ut
845 2967 1050 3035 opinor,
1075 2968 1131 3021 in
1155 2968 1242 3022 his
1264 2968 1401 3022 illud
1426 2984 1641 3036 quoque
1663 2967 1830 3021 rebus

201 3041 522 3095 confirmare
557 3041 674 3109 tibi,
711 3042 914 3096 nullam
949 3060 1067 3097 rem
1101 3062 1263 3114 posse
1298 3061 1396 3099 sua
1429 3044 1484 3098 vi
1836 3060 1908 3099 185

200 3131 518 3186 corpoream
554 3132 767 3171 sursum
801 3117 933 3171 ferri
969 3135 1293 3189 sursumque
1327 3138 1541 3189 meare3
