2259 3442
1114 97 1188 155 II
1926 101 2005 163 57,

291 203 465 272 qualis
499 202 594 256 hic
620 206 721 269 est,
756 202 917 256 avido
950 201 1235 270 complexu
1269 217 1433 269 quem
1462 204 1624 258 tenet
1654 203 1867 260 aether.

363 280 658 334 Praeterea
689 295 813 333 cum
846 277 1104 335 materies
1139 281 1228 333 est
1261 278 1435 332 multa
1466 283 1675 349 parata,

291 373 415 411 cum
449 355 598 409 locus
632 359 718 410 est
751 356 976 424 praesto
1006 371 1106 409 nec
1141 371 1231 409 res
1265 371 1366 409 nec
1401 372 1566 410 causa
1597 359 1847 413 moratur

291 433 415 501 ulla,
450 431 570 501 geri
605 431 811 485 debent
843 429 1099 485 nimirum
1135 434 1194 486 et
1227 431 1450 486 confieri
1483 449 1589 486 res.

291 526 434 564 nunc
470 511 529 563 et
563 507 858 562 seminibus
892 506 940 562 si
974 510 1132 562 tanta
1165 511 1251 562 est
1283 508 1442 577 copia
1473 511 1734 577 quantam
1912 522 2009 563 1070

293 602 614 641 enumerare
648 587 802 639 aetas
835 584 1172 639 animantum
1207 600 1316 639 non
1351 589 1520 653 queat
1551 585 1743 653 omnis,

293 662 479 730 visque
514 661 707 717 cadem
740 668 792 716 ot
824 664 1023 716 natura
1055 665 1244 715 manet
1277 677 1419 730 quae
1453 662 1663 716 semina
1695 679 1880 717 rerum

294 738 542 794 conicere
575 737 634 792 in
666 738 787 793 loca
820 754 1065 807 quaeque
1100 740 1268 806 queat
1302 737 1465 791 simili
1500 737 1713 794 ratione

296 818 462 884 atquc
496 815 600 869 huc
636 818 765 870 sunt
799 814 1058 881 coniecta,
1094 830 1318 869 necesso
1352 817 1439 869 cst
1472 815 1770 870 confiteare

297 908 418 946 esso
451 888 584 946 alios
618 892 737 946 aliis
771 895 1045 945 terrarum
1080 891 1137 944 in
1172 891 1422 959 partibus
1455 890 1603 945 orbis
1915 906 2011 945 1075

293 970 355 1021 et
387 968 586 1022 varias
597 967 874 1021 hominum
909 966 1093 1040 gentis
1129 971 1187 1020 et
1223 967 1402 1021 saecla
1435 967 1689 1021 ferarum.
1832 969 1979 1045 qq?

369 1044 495 1097 Huc
530 1043 746 1098 accedit
779 1046 846 1096 ut
877 1043 934 1095 in
970 1058 1183 1095 summa
1216 1059 1307 1096 res
1256 1024 1493 1096 nulla
1526 1043 1600 1095 sit
1631 1059 1756 1109 una,
1866 1058 1877 1069 ⁴

294 1120 455 1174 unica
490 1136 630 1187 quae
664 1120 920 1186 gignatur
956 1121 1014 1172 et
1049 1119 1208 1171 unica
1243 1119 1464 1187 solaque
1498 1121 1721 1187 crescat,

294 1196 424 1265 quin
460 1195 709 1283 aliquoiu'
748 1195 854 1248 siet
889 1193 1051 1248 saecli
1084 1194 1463 1263 permultaque
1488 1193 1692 1248 eodem
1734 1210 1779 1260 4

295 1273 408 1327 sint
440 1288 657 1340 genere.
677 1271 748 1324 in
782 1252 1004 1340 primi-s
1007 1269 1341 1336 animalibus,
1377 1270 1582 1325 inclute
1617 1270 1860 1337 Memmi,
1913 1282 2012 1323 1080

291 1349 541 1403 iuvenies
575 1348 651 1402 sic
685 1347 1057 1415 montivagum
1092 1363 1267 1415 genus
1301 1363 1422 1401 esse
1458 1348 1709 1414 ferarum,

294 1426 372 1480 sic
406 1425 700 1479 hominum·
717 1423 959 1493 genitam
993 1424 1221 1492 prolem,
1255 1423 1333 1478 sic
1367 1423 1602 1493 denique
1634 1427 1816 1480 mutas

295 1502 695 1571 squamigerum
732 1498 970 1569 pecudes
1005 1502 1066 1553 et
1099 1516 1331 1569 corpora
1362 1508 1558 1555 cuncta
1591 1501 1880 1556 volantum.

296 1581 632 1647 quapropter
665 1577 874 1631 caelum
910 1576 1070 1629 simili
1103 1577 1315 1630 ratione
1348 1577 1686 1633 fatendumst

296 1656 608 1723 terramque
623 1657 689 1708 et
713 1653 883 1707 solem
908 1652 1088 1706 lunam
1113 1668 1281 1720 mare,
1304 1657 1490 1708 cetera
1512 1671 1653 1723 quae
1676 1659 1817 1720 sunt,
1913 1668 2011 1708 1005

294 1746 403 1785 non
437 1747 557 1784 esse
590 1731 764 1798 unica,
799 1729 897 1783 sed
934 1745 1160 1784 numero
1194 1730 1368 1797 magis
1403 1731 1752 1801 innumerali;

297 1801 736 1874 quandoquidem
770 1806 917 1860 vitae
951 1805 1220 1875 depactus
1253 1806 1525 1860 terminus
1559 1794 1729 1859 affe

297 1885 415 1935 tam
449 1885 635 1935 manet
667 1881 803 1936 haec
838 1886 898 1935 et
931 1885 1047 1935 tam
1082 1881 1265 1935 nativo
1299 1897 1527 1949 corpore
1562 1884 1826 1944 constant,

297 1975 462 2027 quam
488 1975 660 2026 genus
684 1974 845 2011 omne
867 1957 1017 2025 quod
1038 1957 1125 2010 hic
1150 1958 1506 2024 generatimst
1529 1957 1695 2011 rebus
1713 1956 2010 2010 abundans,

370 2036 521 2100 Quae
554 2033 693 2088 bene
725 2034 945 2101 cognitu,
980 2033 1026 2086 si
1060 2037 1262 2096 teneas,
1298 2037 1496 2087 natura
1530 2034 1747 2087 videtur
1918 2031 2081 2086 109οῆ

295 2110 471 2165 libera
505 2110 760 2165 continuo
795 2109 1029 2163 dominis
1064 2109 1278 2178 privata
1313 2108 1561 2178 superbis

295 2186 416 2256 ipsa
451 2204 549 2241 sua
582 2203 683 2256 per
717 2202 777 2240 se
813 2190 1008 2257 sponte
1043 2186 1223 2239 omnia
1256 2185 1342 2240 dis
1376 2202 1541 2254 agere
1576 2202 1787 2255 expers

297 2279 424 2317 nam
459 2280 560 2332 pro
595 2266 785 2317 sancta
820 2263 985 2317 deum
1022 2263 1317 2331 tranquilla
1351 2267 1577 2333 pectora
1610 2279 1747 2334 pace

298 2356 439 2429 quae
474 2339 745 2427 placidum
782 2340 993 2408 degunt
1027 2356 1219 2395 aevom
1254 2340 1531 2431 vitamque
1565 2357 1877 2415 serenam,

297 2415 420 2484 quis
443 2432 635 2483 regere
657 2416 908 2469 immensi
933 2433 1213 2485 summam,
1237 2418 1358 2486 quis
1382 2414 1583 2472 habere
1605 2402 1877 2487 ρτοῇἶῃᾶὶ
1917 2431 2013 2470 1095

292 2492 430 2547 indu
467 2507 629 2545 manu
664 2490 871 2545 validas
906 2494 1051 2560 potis
1085 2495 1174 2546 est
1207 2494 1558 2549 moderanter
1591 2492 1847 2561 habenas,

297 2568 419 2635 quis
455 2566 663 2636 pariter
698 2567 874 2633 caelos
910 2568 1084 2621 omnis
1120 2574 1440 2624 convertere
1477 2572 1537 2623 et
1571 2569 1743 2622 omnis

291 2643 510 2711 ignibus
544 2641 801 2696 aetheriis
837 2647 1014 2697 terras
1052 2645 1236 2715 suffige
1271 2647 1479 2710 feracis,

297 2719 545 2773 onmibus
580 2720 703 2778 inve
736 2719 868 2773 locis
902 2736 1022 2774 esse
1058 2722 1205 2773 omni
1239 2724 1489 2791 tempore
1524 2722 1758 2788 praesto,

295 2795 530 2849 nubibus
564 2800 629 2850 ut
663 2797 917 2850 tenebras
950 2797 1115 2851 faciat
1151 2797 1394 2868 caelique
1430 2811 1622 2851 serena
1923 2811 2015 2849 1100

299 2871 573 2925 concutiat
608 2874 803 2941 sonitu,
840 2876 957 2926 tum
992 2873 1220 2926 fulmina
1253 2874 1441 2927 mittat
1475 2875 1535 2926 ct
1568 2872 1719 2926 aedis

299 2963 463 3016 saepe
500 2965 625 3003 suas
659 2948 935 3003 disturbet
969 2952 1029 3003 ct
1063 2949 1129 3003 in
1167 2949 1390 3004 deserta
1422 2949 1685 3004 recedens

302 3023 505 3077 saeviat
540 3041 801 3080 exercens
835 3026 1009 3080 telum
1044 3025 1196 3095 quod
1230 3042 1394 3097 saepe
1429 3028 1687 3080 nocentes

302 3101 570 3168 praeterit
604 3103 987 3172 exanimatque
1020 3102 1277 3171 indignos
1310 3103 1475 3171 inque
1510 3101 1819 3156 merentes?

313 3248 341 3290 8
377 3173 662 3244 Multaque
698 3182 824 3246 post
857 3179 1045 3233 mundi
1081 3183 1301 3249 tempus
1335 3179 1574 3249 genitale
1607 3177 1863 3244 diemque
1919 3188 2011 3226 1102·
