<?xml version="1.0" encoding="UTF-8"?>
<!DOCTYPE html PUBLIC "-//W3C//DTD XHTML 1.0 Transitional//EN"
    "http://www.w3.org/TR/xhtml1/DTD/xhtml1-transitional.dtd">
<html xmlns="http://www.w3.org/1999/xhtml" xml:lang="en" lang="en">
 <head>
  <title>
</title>
<meta http-equiv="Content-Type" content="text/html;charset=utf-8" />
  <meta name='ocr-system' content='tesseract 3.04.00' />
  <meta name='ocr-capabilities' content='ocr_page ocr_carea ocr_par ocr_line ocrx_word'/>
</head>
<body>
  <div class='ocr_page' id='page_1' title='image "./tlucreticarider03unkngoog_0175.png"; bbox 0 0 2259 3442; ppageno 0'>
   <div class='ocr_carea' id='block_1_1' title="bbox 333 174 2105 3222">
    <p class='ocr_par' dir='ltr' id='par_1_1' title="bbox 346 174 1983 243">
     <span class='ocr_line' id='line_1_1' title="bbox 346 174 1983 243; baseline -0.001 -13"><span class='ocrx_word' id='word_1_1' title='bbox 346 175 528 230; x_wconf 91' lang='lat' dir='ltr'>omnia</span> <span class='ocrx_word' id='word_1_2' title='bbox 564 174 830 230; x_wconf 71' lang='lat' dir='ltr'><strong>diluviare</strong></span> <span class='ocrx_word' id='word_1_3' title='bbox 865 190 936 229; x_wconf 81' lang='lat' dir='ltr'>ex</span> <span class='ocrx_word' id='word_1_4' title='bbox 971 174 1086 229; x_wconf 84' lang='lat' dir='ltr'>alto</span> <span class='ocrx_word' id='word_1_5' title='bbox 1119 174 1342 243; x_wconf 83' lang='lat' dir='ltr'>gurgite</span> <span class='ocrx_word' id='word_1_6' title='bbox 1375 176 1548 243; x_wconf 88' lang='lat' dir='ltr'>ponti,</span> <span class='ocrx_word' id='word_1_7' title='bbox 1974 197 1983 202; x_wconf 77' lang='grc'><strong>-</strong></span> 
     </span>
    </p>

    <p class='ocr_par' dir='ltr' id='par_1_2' title="bbox 348 251 1768 321">
     <span class='ocr_line' id='line_1_2' title="bbox 348 251 1768 321; baseline 0 -16"><span class='ocrx_word' id='word_1_8' title='bbox 348 252 696 321; x_wconf 84' lang='lat' dir='ltr'>nequiquam,</span> <span class='ocrx_word' id='word_1_9' title='bbox 732 251 989 321; x_wconf 87' lang='lat' dir='ltr'>quoniam</span> <span class='ocrx_word' id='word_1_10' title='bbox 1024 254 1308 305; x_wconf 86' lang='lat' dir='ltr'>verrentes</span> <span class='ocrx_word' id='word_1_11' title='bbox 1342 267 1582 320; x_wconf 86' lang='lat' dir='ltr'>aequora</span> <span class='ocrx_word' id='word_1_12' title='bbox 1614 252 1768 307; x_wconf 86' lang='lat' dir='ltr'>venti</span> 
     </span>
    </p>

    <p class='ocr_par' dir='ltr' id='par_1_3' title="bbox 348 328 1720 397">
     <span class='ocr_line' id='line_1_3' title="bbox 348 328 1720 397; baseline -0.001 -15"><span class='ocrx_word' id='word_1_13' title='bbox 348 328 673 383; x_wconf 90' lang='lat' dir='ltr'>deminuunt</span> <span class='ocrx_word' id='word_1_14' title='bbox 708 328 986 397; x_wconf 86' lang='lat' dir='ltr'>radiisque</span> <span class='ocrx_word' id='word_1_15' title='bbox 1021 331 1278 383; x_wconf 87' lang='lat' dir='ltr'>retexens</span> <span class='ocrx_word' id='word_1_16' title='bbox 1311 328 1589 383; x_wconf 88' lang='lat' dir='ltr'>aetherius</span> <span class='ocrx_word' id='word_1_17' title='bbox 1625 329 1720 397; x_wconf 91' lang='lat' dir='ltr'>sol,</span> 
     </span>
    </p>

    <p class='ocr_par' dir='ltr' id='par_1_4' title="bbox 344 405 2054 474">
     <span class='ocr_line' id='line_1_4' title="bbox 344 405 2054 474; baseline 0.001 -15"><span class='ocrx_word' id='word_1_18' title='bbox 344 408 408 459; x_wconf 83' lang='lat' dir='ltr'>et</span> <span class='ocrx_word' id='word_1_19' title='bbox 441 405 645 460; x_wconf 87' lang='lat' dir='ltr'>siccare</span> <span class='ocrx_word' id='word_1_20' title='bbox 680 405 834 473; x_wconf 87' lang='lat' dir='ltr'>prius</span> <span class='ocrx_word' id='word_1_21' title='bbox 868 405 1151 459; x_wconf 90' lang='lat' dir='ltr'>confidunt</span> <span class='ocrx_word' id='word_1_22' title='bbox 1187 405 1366 459; x_wconf 88' lang='lat' dir='ltr'>omnia</span> <span class='ocrx_word' id='word_1_23' title='bbox 1401 421 1559 474; x_wconf 88' lang='lat' dir='ltr'>posse</span> <span class='ocrx_word' id='word_1_24' title='bbox 1979 421 2054 461; x_wconf 78' lang='lat'>390</span> 
     </span>
    </p>

    <p class='ocr_par' dir='ltr' id='par_1_5' title="bbox 345 480 1743 550">
     <span class='ocr_line' id='line_1_5' title="bbox 345 480 1743 550; baseline 0 -14"><span class='ocrx_word' id='word_1_25' title='bbox 345 497 513 549; x_wconf 86' lang='lat' dir='ltr'>quam</span> <span class='ocrx_word' id='word_1_26' title='bbox 548 482 727 550; x_wconf 91' lang='lat' dir='ltr'>liquor</span> <span class='ocrx_word' id='word_1_27' title='bbox 762 480 967 549; x_wconf 79' lang='lat' dir='ltr'>incepti</span> <span class='ocrx_word' id='word_1_28' title='bbox 1003 481 1179 549; x_wconf 87' lang='lat' dir='ltr'>possit</span> <span class='ocrx_word' id='word_1_29' title='bbox 1212 481 1530 550; x_wconf 90' lang='lat' dir='ltr'>contingere</span> <span class='ocrx_word' id='word_1_30' title='bbox 1565 481 1743 536; x_wconf 87' lang='lat' dir='ltr'>finem.</span> 
     </span>
    </p>

    <p class='ocr_par' dir='ltr' id='par_1_6' title="bbox 347 556 1657 626">
     <span class='ocr_line' id='line_1_6' title="bbox 347 556 1657 626; baseline 0 -16"><span class='ocrx_word' id='word_1_31' title='bbox 347 559 564 612; x_wconf 86' lang='lat' dir='ltr'>tantum</span> <span class='ocrx_word' id='word_1_32' title='bbox 601 557 872 626; x_wconf 78' lang='lat' dir='ltr'>spirantes</span> <span class='ocrx_word' id='word_1_33' title='bbox 908 572 1083 625; x_wconf 90' lang='lat' dir='ltr'>aequo</span> <span class='ocrx_word' id='word_1_34' title='bbox 1117 557 1418 612; x_wconf 87' lang='lat' dir='ltr'>certamine</span> <span class='ocrx_word' id='word_1_35' title='bbox 1453 556 1657 611; x_wconf 88' lang='lat' dir='ltr'>bellum</span> 
     </span>
    </p>

    <p class='ocr_par' dir='ltr' id='par_1_7' title="bbox 344 632 1673 702">
     <span class='ocr_line' id='line_1_7' title="bbox 344 632 1673 702; baseline 0.001 -16"><span class='ocrx_word' id='word_1_36' title='bbox 344 634 556 702; x_wconf 89' lang='lat' dir='ltr'>magnis</span> <span class='ocrx_word' id='word_1_37' title='bbox 592 634 747 688; x_wconf 75' lang='lat' dir='ltr'>inter</span> <span class='ocrx_word' id='word_1_38' title='bbox 778 649 837 687; x_wconf 75' lang='lat' dir='ltr'>se</span> <span class='ocrx_word' id='word_1_39' title='bbox 869 633 942 686; x_wconf 89' lang='lat' dir='ltr'>de</span> <span class='ocrx_word' id='word_1_40' title='bbox 976 632 1143 687; x_wconf 88' lang='lat' dir='ltr'>rebus</span> <span class='ocrx_word' id='word_1_41' title='bbox 1179 649 1405 687; x_wconf 88' lang='lat' dir='ltr'>cernere</span> <span class='ocrx_word' id='word_1_42' title='bbox 1442 636 1673 700; x_wconf 87' lang='lat' dir='ltr'>certant,</span> 
     </span>
    </p>

    <p class='ocr_par' dir='ltr' id='par_1_8' title="bbox 342 709 1687 779">
     <span class='ocr_line' id='line_1_8' title="bbox 342 709 1687 779; baseline 0.001 -17"><span class='ocrx_word' id='word_1_43' title='bbox 342 725 467 763; x_wconf 90' lang='lat' dir='ltr'>cum</span> <span class='ocrx_word' id='word_1_44' title='bbox 503 710 671 764; x_wconf 88' lang='lat' dir='ltr'>semel</span> <span class='ocrx_word' id='word_1_45' title='bbox 706 709 923 764; x_wconf 87' lang='lat' dir='ltr'>interea</span> <span class='ocrx_word' id='word_1_46' title='bbox 956 709 1126 763; x_wconf 89' lang='lat' dir='ltr'>fuerit</span> <span class='ocrx_word' id='word_1_47' title='bbox 1162 709 1509 779; x_wconf 82' lang='lat' dir='ltr'>superantior</span> <span class='ocrx_word' id='word_1_48' title='bbox 1544 710 1687 778; x_wconf 89' lang='lat' dir='ltr'>ignis</span> 
     </span>
    </p>

    <p class='ocr_par' dir='ltr' id='par_1_9' title="bbox 342 786 2051 854">
     <span class='ocr_line' id='line_1_9' title="bbox 342 786 2051 854; baseline 0.001 -14"><span class='ocrx_word' id='word_1_49' title='bbox 342 789 403 840; x_wconf 87' lang='lat' dir='ltr'>et</span> <span class='ocrx_word' id='word_1_50' title='bbox 437 786 622 853; x_wconf 89' lang='lat' dir='ltr'>semel,</span> <span class='ocrx_word' id='word_1_51' title='bbox 659 789 723 840; x_wconf 91' lang='lat' dir='ltr'>ut</span> <span class='ocrx_word' id='word_1_52' title='bbox 758 786 905 840; x_wconf 88' lang='lat' dir='ltr'>fama</span> <span class='ocrx_word' id='word_1_53' title='bbox 940 790 1041 854; x_wconf 87' lang='lat' dir='ltr'>est,</span> <span class='ocrx_word' id='word_1_54' title='bbox 1078 802 1237 839; x_wconf 89' lang='lat' dir='ltr'>umor</span> <span class='ocrx_word' id='word_1_55' title='bbox 1269 786 1517 854; x_wconf 88' lang='lat' dir='ltr'>regnarit</span> <span class='ocrx_word' id='word_1_56' title='bbox 1552 787 1609 839; x_wconf 89' lang='lat' dir='ltr'>in</span> <span class='ocrx_word' id='word_1_57' title='bbox 1645 788 1802 842; x_wconf 79' lang='lat' dir='ltr'>arvis,</span> <span class='ocrx_word' id='word_1_58' title='bbox 1979 802 2051 842; x_wconf 78' lang='lat'>395</span> 
     </span>
    </p>

    <p class='ocr_par' dir='ltr' id='par_1_10' title="bbox 338 861 1797 932">
     <span class='ocr_line' id='line_1_10' title="bbox 338 861 1797 932; baseline 0.001 -17"><span class='ocrx_word' id='word_1_59' title='bbox 338 862 481 929; x_wconf 88' lang='lat' dir='ltr'>ignis</span> <span class='ocrx_word' id='word_1_60' title='bbox 518 863 661 916; x_wconf 90' lang='lat' dir='ltr'>enim</span> <span class='ocrx_word' id='word_1_61' title='bbox 698 865 922 932; x_wconf 67' lang='lat' dir='ltr'>superfit</span> <span class='ocrx_word' id='word_1_62' title='bbox 956 866 1016 917; x_wconf 90' lang='lat' dir='ltr'>et</span> <span class='ocrx_word' id='word_1_63' title='bbox 1051 861 1299 915; x_wconf 81' lang='lat' dir='ltr'>lambens</span> <span class='ocrx_word' id='word_1_64' title='bbox 1334 862 1509 916; x_wconf 90' lang='lat' dir='ltr'>multa</span> <span class='ocrx_word' id='word_1_65' title='bbox 1542 866 1797 931; x_wconf 87' lang='lat' dir='ltr'>perussit,</span> 
     </span>
    </p>

    <p class='ocr_par' dir='ltr' id='par_1_11' title="bbox 340 937 1793 1007">
     <span class='ocr_line' id='line_1_11' title="bbox 340 937 1793 1007; baseline 0.001 -17"><span class='ocrx_word' id='word_1_66' title='bbox 340 938 463 991; x_wconf 80' lang='lat' dir='ltr'>avia</span> <span class='ocrx_word' id='word_1_67' title='bbox 495 955 620 991; x_wconf 89' lang='lat' dir='ltr'>cum</span> <span class='ocrx_word' id='word_1_68' title='bbox 659 937 1003 992; x_wconf 81' lang='lat' dir='ltr'>Phaethonta</span> <span class='ocrx_word' id='word_1_69' title='bbox 1037 955 1208 1007; x_wconf 82' lang='lat' dir='ltr'>rapax</span> <span class='ocrx_word' id='word_1_70' title='bbox 1245 938 1326 991; x_wconf 85' lang='lat' dir='ltr'>vis</span> <span class='ocrx_word' id='word_1_71' title='bbox 1361 938 1491 991; x_wconf 88' lang='lat' dir='ltr'>solis</span> <span class='ocrx_word' id='word_1_72' title='bbox 1526 955 1793 1007; x_wconf 88' lang='lat' dir='ltr'>equorum</span> 
     </span>
    </p>

    <p class='ocr_par' dir='ltr' id='par_1_12' title="bbox 343 1014 1683 1082">
     <span class='ocr_line' id='line_1_12' title="bbox 343 1014 1683 1082; baseline 0.001 -16"><span class='ocrx_word' id='word_1_73' title='bbox 343 1014 568 1067; x_wconf 79' lang='lat' dir='ltr'>aethere</span> <span class='ocrx_word' id='word_1_74' title='bbox 604 1015 843 1081; x_wconf 82' lang='lat' dir='ltr'>raptavit</span> <span class='ocrx_word' id='word_1_75' title='bbox 878 1018 999 1067; x_wconf 86' lang='lat' dir='ltr'>toto</span> <span class='ocrx_word' id='word_1_76' title='bbox 1035 1021 1324 1082; x_wconf 88' lang='lat' dir='ltr'>terrasque</span> <span class='ocrx_word' id='word_1_77' title='bbox 1359 1029 1461 1082; x_wconf 89' lang='lat' dir='ltr'>per</span> <span class='ocrx_word' id='word_1_78' title='bbox 1495 1014 1683 1069; x_wconf 83' lang='lat' dir='ltr'>omnis.</span> 
     </span>
    </p>

    <p class='ocr_par' dir='ltr' id='par_1_13' title="bbox 340 1088 1670 1157">
     <span class='ocr_line' id='line_1_13' title="bbox 340 1088 1670 1157; baseline 0.002 -15"><span class='ocrx_word' id='word_1_79' title='bbox 340 1092 401 1142; x_wconf 89' lang='lat' dir='ltr'>at</span> <span class='ocrx_word' id='word_1_80' title='bbox 436 1092 595 1157; x_wconf 87' lang='lat' dir='ltr'>pater</span> <span class='ocrx_word' id='word_1_81' title='bbox 630 1089 973 1156; x_wconf 88' lang='lat' dir='ltr'>omnipotens</span> <span class='ocrx_word' id='word_1_82' title='bbox 1007 1088 1091 1141; x_wconf 93' lang='lat' dir='ltr'>ira</span> <span class='ocrx_word' id='word_1_83' title='bbox 1124 1092 1246 1142; x_wconf 91' lang='lat' dir='ltr'>tum</span> <span class='ocrx_word' id='word_1_84' title='bbox 1279 1089 1523 1157; x_wconf 84' lang='lat' dir='ltr'>percitus</span> <span class='ocrx_word' id='word_1_85' title='bbox 1557 1090 1670 1144; x_wconf 88' lang='lat' dir='ltr'>acri</span> 
     </span>
    </p>

    <p class='ocr_par' dir='ltr' id='par_1_14' title="bbox 342 1163 2049 1233">
     <span class='ocr_line' id='line_1_14' title="bbox 342 1163 2049 1233; baseline 0.004 -15"><span class='ocrx_word' id='word_1_86' title='bbox 342 1165 746 1233; x_wconf 84' lang='lat' dir='ltr'>magnanimum</span> <span class='ocrx_word' id='word_1_87' title='bbox 784 1163 1134 1218; x_wconf 88' lang='lat' dir='ltr'>Phaethonta</span> <span class='ocrx_word' id='word_1_88' title='bbox 1168 1165 1384 1233; x_wconf 87' lang='lat' dir='ltr'>repenti</span> <span class='ocrx_word' id='word_1_89' title='bbox 1418 1164 1661 1219; x_wconf 88' lang='lat' dir='ltr'>fulminis</span> <span class='ocrx_word' id='word_1_90' title='bbox 1696 1166 1812 1221; x_wconf 90' lang='lat' dir='ltr'>ictu</span> <span class='ocrx_word' id='word_1_91' title='bbox 1976 1182 2049 1224; x_wconf 78' lang='lat'>400</span> 
     </span>
    </p>

    <p class='ocr_par' dir='ltr' id='par_1_15' title="bbox 342 1239 1690 1309">
     <span class='ocr_line' id='line_1_15' title="bbox 342 1239 1690 1309; baseline 0.001 -15"><span class='ocrx_word' id='word_1_92' title='bbox 342 1239 662 1296; x_wconf 85' lang='lat' dir='ltr'>deturbavit</span> <span class='ocrx_word' id='word_1_93' title='bbox 698 1240 856 1309; x_wconf 90' lang='lat' dir='ltr'>equis</span> <span class='ocrx_word' id='word_1_94' title='bbox 888 1240 947 1293; x_wconf 90' lang='lat' dir='ltr'>in</span> <span class='ocrx_word' id='word_1_95' title='bbox 983 1244 1205 1307; x_wconf 89' lang='lat' dir='ltr'>terram,</span> <span class='ocrx_word' id='word_1_96' title='bbox 1243 1240 1432 1308; x_wconf 88' lang='lat' dir='ltr'>solque</span> <span class='ocrx_word' id='word_1_97' title='bbox 1468 1241 1690 1297; x_wconf 83' lang='lat' dir='ltr'>cadenti</span> 
     </span>
    </p>

    <p class='ocr_par' dir='ltr' id='par_1_16' title="bbox 340 1316 1650 1386">
     <span class='ocr_line' id='line_1_16' title="bbox 340 1316 1650 1386; baseline 0 -15"><span class='ocrx_word' id='word_1_98' title='bbox 340 1317 533 1371; x_wconf 85' lang='lat' dir='ltr'>obvius</span> <span class='ocrx_word' id='word_1_99' title='bbox 568 1320 849 1371; x_wconf 85' lang='lat' dir='ltr'>aeternam</span> <span class='ocrx_word' id='word_1_100' title='bbox 885 1316 1130 1385; x_wconf 88' lang='lat' dir='ltr'>succepit</span> <span class='ocrx_word' id='word_1_101' title='bbox 1166 1316 1423 1386; x_wconf 87' lang='lat' dir='ltr'>lampada</span> <span class='ocrx_word' id='word_1_102' title='bbox 1456 1317 1650 1371; x_wconf 78' lang='lat' dir='ltr'>mundi</span> 
     </span>
    </p>

    <p class='ocr_par' dir='ltr' id='par_1_17' title="bbox 340 1392 1829 1463">
     <span class='ocr_line' id='line_1_17' title="bbox 340 1392 1829 1463; baseline 0.001 -15"><span class='ocrx_word' id='word_1_103' title='bbox 340 1394 705 1463; x_wconf 89' lang='lat' dir='ltr'>disiectosque</span> <span class='ocrx_word' id='word_1_104' title='bbox 740 1392 959 1461; x_wconf 83' lang='lat' dir='ltr'>redegit</span> <span class='ocrx_word' id='word_1_105' title='bbox 995 1409 1167 1461; x_wconf 87' lang='lat' dir='ltr'>equos</span> <span class='ocrx_word' id='word_1_106' title='bbox 1201 1393 1490 1463; x_wconf 85' lang='lat' dir='ltr'>iunxitque</span> <span class='ocrx_word' id='word_1_107' title='bbox 1526 1395 1829 1463; x_wconf 71' lang='lat' dir='ltr'>trementiS,</span> 
     </span>
    </p>

    <p class='ocr_par' dir='ltr' id='par_1_18' title="bbox 336 1470 1836 1540">
     <span class='ocr_line' id='line_1_18' title="bbox 336 1470 1836 1540; baseline 0.001 -16"><span class='ocrx_word' id='word_1_108' title='bbox 336 1471 469 1525; x_wconf 90' lang='lat' dir='ltr'>inde</span> <span class='ocrx_word' id='word_1_109' title='bbox 505 1487 664 1525; x_wconf 89' lang='lat' dir='ltr'>suum</span> <span class='ocrx_word' id='word_1_110' title='bbox 698 1487 800 1540; x_wconf 89' lang='lat' dir='ltr'>per</span> <span class='ocrx_word' id='word_1_111' title='bbox 834 1470 943 1523; x_wconf 90' lang='lat' dir='ltr'>iter</span> <span class='ocrx_word' id='word_1_112' title='bbox 978 1470 1248 1524; x_wconf 86' lang='lat' dir='ltr'>recreavit</span> <span class='ocrx_word' id='word_1_113' title='bbox 1283 1474 1478 1524; x_wconf 82' lang='lat' dir='ltr'>cuncta</span> <span class='ocrx_word' id='word_1_114' title='bbox 1511 1470 1836 1539; x_wconf 86' lang='lat' dir='ltr'>gubernans,</span> 
     </span>
    </p>

    <p class='ocr_par' dir='ltr' id='par_1_19' title="bbox 337 1546 2045 1617">
     <span class='ocr_line' id='line_1_19' title="bbox 337 1546 2045 1617; baseline 0.001 -16"><span class='ocrx_word' id='word_1_115' title='bbox 337 1548 546 1601; x_wconf 84' lang='lat' dir='ltr'>scilicet</span> <span class='ocrx_word' id='word_1_116' title='bbox 578 1551 643 1601; x_wconf 90' lang='lat' dir='ltr'>ut</span> <span class='ocrx_word' id='word_1_117' title='bbox 677 1550 895 1601; x_wconf 86' lang='lat' dir='ltr'>veteres</span> <span class='ocrx_word' id='word_1_118' title='bbox 931 1546 1161 1601; x_wconf 86' lang='lat' dir='ltr'>Graium</span> <span class='ocrx_word' id='word_1_119' title='bbox 1194 1546 1441 1601; x_wconf 86' lang='lat' dir='ltr'>cecinere</span> <span class='ocrx_word' id='word_1_120' title='bbox 1475 1549 1688 1617; x_wconf 82' lang='lat' dir='ltr'>poetae.</span> <span class='ocrx_word' id='word_1_121' title='bbox 1972 1562 2045 1602; x_wconf 79' lang='lat'>405</span> 
     </span>
    </p>

    <p class='ocr_par' dir='ltr' id='par_1_20' title="bbox 336 1622 1842 1693">
     <span class='ocr_line' id='line_1_20' title="bbox 336 1622 1842 1693; baseline 0.001 -17"><span class='ocrx_word' id='word_1_122' title='bbox 336 1623 486 1691; x_wconf 89' lang='lat' dir='ltr'>quod</span> <span class='ocrx_word' id='word_1_123' title='bbox 521 1622 710 1693; x_wconf 90' lang='lat' dir='ltr'>procul</span> <span class='ocrx_word' id='word_1_124' title='bbox 746 1640 780 1676; x_wconf 92' lang='lat' dir='ltr'>a</span> <span class='ocrx_word' id='word_1_125' title='bbox 813 1639 946 1677; x_wconf 85' lang='lat' dir='ltr'>vera</span> <span class='ocrx_word' id='word_1_126' title='bbox 980 1623 1142 1676; x_wconf 86' lang='lat' dir='ltr'>nimis</span> <span class='ocrx_word' id='word_1_127' title='bbox 1177 1627 1265 1678; x_wconf 89' lang='lat' dir='ltr'>est</span> <span class='ocrx_word' id='word_1_128' title='bbox 1301 1624 1513 1677; x_wconf 87' lang='lat' dir='ltr'>ratione</span> <span class='ocrx_word' id='word_1_129' title='bbox 1546 1624 1842 1693; x_wconf 89' lang='lat' dir='ltr'>repulsum.</span> 
     </span>
    </p>

    <p class='ocr_par' dir='ltr' id='par_1_21' title="bbox 336 1699 1591 1768">
     <span class='ocr_line' id='line_1_21' title="bbox 336 1699 1591 1768; baseline 0.001 -16"><span class='ocrx_word' id='word_1_130' title='bbox 336 1700 479 1768; x_wconf 88' lang='lat' dir='ltr'>ignis</span> <span class='ocrx_word' id='word_1_131' title='bbox 514 1700 661 1754; x_wconf 90' lang='lat' dir='ltr'>enim</span> <span class='ocrx_word' id='word_1_132' title='bbox 696 1715 955 1767; x_wconf 88' lang='lat' dir='ltr'>superare</span> <span class='ocrx_word' id='word_1_133' title='bbox 990 1702 1178 1767; x_wconf 88' lang='lat' dir='ltr'>potest</span> <span class='ocrx_word' id='word_1_134' title='bbox 1210 1699 1307 1751; x_wconf 91' lang='lat' dir='ltr'>ubi</span> <span class='ocrx_word' id='word_1_135' title='bbox 1341 1699 1591 1753; x_wconf 84' lang='lat' dir='ltr'>materiai</span> 
     </span>
    </p>

    <p class='ocr_par' dir='ltr' id='par_1_22' title="bbox 337 1775 1526 1844">
     <span class='ocr_line' id='line_1_22' title="bbox 337 1775 1526 1844; baseline 0 -15"><span class='ocrx_word' id='word_1_136' title='bbox 337 1792 408 1829; x_wconf 86' lang='lat' dir='ltr'>ex</span> <span class='ocrx_word' id='word_1_137' title='bbox 443 1775 654 1828; x_wconf 86' lang='lat' dir='ltr'>infinito</span> <span class='ocrx_word' id='word_1_138' title='bbox 690 1779 821 1828; x_wconf 90' lang='lat' dir='ltr'>sunt</span> <span class='ocrx_word' id='word_1_139' title='bbox 855 1790 1082 1842; x_wconf 89' lang='lat' dir='ltr'>corpora</span> <span class='ocrx_word' id='word_1_140' title='bbox 1117 1776 1275 1844; x_wconf 89' lang='lat' dir='ltr'>plura</span> <span class='ocrx_word' id='word_1_141' title='bbox 1310 1779 1526 1840; x_wconf 84' lang='lat' dir='ltr'>coorta3</span> 
     </span>
    </p>

    <p class='ocr_par' dir='ltr' id='par_1_23' title="bbox 335 1850 1638 1922">
     <span class='ocr_line' id='line_1_23' title="bbox 335 1850 1638 1922; baseline 0.001 -18"><span class='ocrx_word' id='word_1_142' title='bbox 335 1852 466 1905; x_wconf 89' lang='lat' dir='ltr'>inde</span> <span class='ocrx_word' id='word_1_143' title='bbox 500 1851 704 1904; x_wconf 87' lang='lat' dir='ltr'>cadunt</span> <span class='ocrx_word' id='word_1_144' title='bbox 737 1850 884 1922; x_wconf 81' lang='lat' dir='ltr'>vires</span> <span class='ocrx_word' id='word_1_145' title='bbox 919 1851 1103 1917; x_wconf 87' lang='lat' dir='ltr'>aliqua</span> <span class='ocrx_word' id='word_1_146' title='bbox 1138 1851 1348 1904; x_wconf 89' lang='lat' dir='ltr'>ratione</span> <span class='ocrx_word' id='word_1_147' title='bbox 1383 1850 1638 1919; x_wconf 84' lang='lat' dir='ltr'>revictae,</span> 
     </span>
    </p>

    <p class='ocr_par' dir='ltr' id='par_1_24' title="bbox 336 1925 2045 1995">
     <span class='ocr_line' id='line_1_24' title="bbox 336 1925 2045 1995; baseline 0.001 -14"><span class='ocrx_word' id='word_1_148' title='bbox 336 1930 435 1981; x_wconf 86' lang='lat' dir='ltr'>aut</span> <span class='ocrx_word' id='word_1_149' title='bbox 470 1929 704 1995; x_wconf 89' lang='lat' dir='ltr'>pereunt</span> <span class='ocrx_word' id='word_1_150' title='bbox 736 1942 827 1979; x_wconf 89' lang='lat' dir='ltr'>res</span> <span class='ocrx_word' id='word_1_151' title='bbox 863 1929 1090 1980; x_wconf 85' lang='lat' dir='ltr'>exustae</span> <span class='ocrx_word' id='word_1_152' title='bbox 1124 1925 1465 1980; x_wconf 87' lang='lat' dir='ltr'>torrentibus</span> <span class='ocrx_word' id='word_1_153' title='bbox 1498 1926 1660 1981; x_wconf 87' lang='lat' dir='ltr'>auris.</span> <span class='ocrx_word' id='word_1_154' title='bbox 1970 1943 2045 1985; x_wconf 76' lang='lat'>410</span> 
     </span>
    </p>

    <p class='ocr_par' dir='ltr' id='par_1_25' title="bbox 333 2001 1755 2072">
     <span class='ocr_line' id='line_1_25' title="bbox 333 2001 1755 2072; baseline 0 -15"><span class='ocrx_word' id='word_1_155' title='bbox 333 2020 493 2057; x_wconf 89' lang='lat' dir='ltr'>umor</span> <span class='ocrx_word' id='word_1_156' title='bbox 527 2004 674 2057; x_wconf 84' lang='lat' dir='ltr'>item-</span> <span class='ocrx_word' id='word_1_157' title='bbox 697 2001 974 2072; x_wconf 91' lang='lat' dir='ltr'>quondam</span> <span class='ocrx_word' id='word_1_158' title='bbox 1010 2003 1192 2071; x_wconf 90' lang='lat' dir='ltr'>coepit</span> <span class='ocrx_word' id='word_1_159' title='bbox 1225 2019 1484 2071; x_wconf 90' lang='lat' dir='ltr'>superare</span> <span class='ocrx_word' id='word_1_160' title='bbox 1518 2007 1755 2072; x_wconf 87' lang='lat' dir='ltr'>coortus,</span> 
     </span>
    </p>

    <p class='ocr_par' dir='ltr' id='par_1_26' title="bbox 334 2078 1947 2149">
     <span class='ocr_line' id='line_1_26' title="bbox 334 2078 1947 2149; baseline 0.001 -16"><span class='ocrx_word' id='word_1_161' title='bbox 334 2084 400 2135; x_wconf 91' lang='lat' dir='ltr'>ut</span> <span class='ocrx_word' id='word_1_162' title='bbox 433 2081 580 2133; x_wconf 88' lang='lat' dir='ltr'>fama</span> <span class='ocrx_word' id='word_1_163' title='bbox 614 2083 715 2148; x_wconf 88' lang='lat' dir='ltr'>est,</span> <span class='ocrx_word' id='word_1_164' title='bbox 751 2078 1032 2133; x_wconf 89' lang='lat' dir='ltr'>hominum</span> <span class='ocrx_word' id='word_1_165' title='bbox 1068 2079 1270 2134; x_wconf 84' lang='lat' dir='ltr'>multas</span> <span class='ocrx_word' id='word_1_166' title='bbox 1306 2079 1527 2149; x_wconf 85' lang='lat' dir='ltr'>quando</span> <span class='ocrx_word' id='word_1_167' title='bbox 1562 2079 1745 2135; x_wconf 86' lang='lat' dir='ltr'>obruit</span> <span class='ocrx_word' id='word_1_168' title='bbox 1780 2081 1947 2136; x_wconf 87' lang='lat' dir='ltr'>urbis.</span> 
     </span>
    </p>

    <p class='ocr_par' dir='ltr' id='par_1_27' title="bbox 334 2156 1681 2226">
     <span class='ocr_line' id='line_1_27' title="bbox 334 2156 1681 2226; baseline 0 -15"><span class='ocrx_word' id='word_1_169' title='bbox 334 2157 464 2212; x_wconf 88' lang='lat' dir='ltr'>inde</span> <span class='ocrx_word' id='word_1_170' title='bbox 496 2157 593 2211; x_wconf 91' lang='lat' dir='ltr'>ubi</span> <span class='ocrx_word' id='word_1_171' title='bbox 628 2157 712 2211; x_wconf 84' lang='lat' dir='ltr'>vis</span> <span class='ocrx_word' id='word_1_172' title='bbox 746 2156 931 2226; x_wconf 89' lang='lat' dir='ltr'>aliqua</span> <span class='ocrx_word' id='word_1_173' title='bbox 965 2156 1180 2211; x_wconf 87' lang='lat' dir='ltr'>ratione</span> <span class='ocrx_word' id='word_1_174' title='bbox 1214 2172 1406 2211; x_wconf 85' lang='lat' dir='ltr'>aversa</span> <span class='ocrx_word' id='word_1_175' title='bbox 1439 2157 1681 2225; x_wconf 85' lang='lat' dir='ltr'>recessit,</span> 
     </span>
    </p>

    <p class='ocr_par' dir='ltr' id='par_1_28' title="bbox 334 2234 1520 2302">
     <span class='ocr_line' id='line_1_28' title="bbox 334 2234 1520 2302; baseline -0.003 -13"><span class='ocrx_word' id='word_1_176' title='bbox 334 2250 406 2289; x_wconf 84' lang='lat' dir='ltr'>ex</span> <span class='ocrx_word' id='word_1_177' title='bbox 440 2234 656 2289; x_wconf 88' lang='lat' dir='ltr'>infinito</span> <span class='ocrx_word' id='word_1_178' title='bbox 690 2234 873 2288; x_wconf 90' lang='lat' dir='ltr'>fuerat</span> <span class='ocrx_word' id='word_1_179' title='bbox 907 2249 1283 2302; x_wconf 86' lang='lat' dir='ltr'>quaecumque</span> <span class='ocrx_word' id='word_1_180' title='bbox 1318 2236 1520 2302; x_wconf 82' lang='lat' dir='ltr'>coorta,</span> 
     </span>
    </p>

    <p class='ocr_par' dir='ltr' id='par_1_29' title="bbox 335 2309 2041 2456">
     <span class='ocr_line' id='line_1_29' title="bbox 335 2309 2041 2366; baseline 0 -1"><span class='ocrx_word' id='word_1_181' title='bbox 335 2312 707 2366; x_wconf 85' lang='lat' dir='ltr'>constiterunt</span> <span class='ocrx_word' id='word_1_182' title='bbox 741 2310 948 2365; x_wconf 87' lang='lat' dir='ltr'>imbres</span> <span class='ocrx_word' id='word_1_183' title='bbox 985 2313 1043 2365; x_wconf 87' lang='lat' dir='ltr'>et</span> <span class='ocrx_word' id='word_1_184' title='bbox 1078 2310 1304 2363; x_wconf 88' lang='lat' dir='ltr'>flumina</span> <span class='ocrx_word' id='word_1_185' title='bbox 1338 2309 1449 2363; x_wconf 86' lang='lat' dir='ltr'>vim</span> <span class='ocrx_word' id='word_1_186' title='bbox 1484 2310 1812 2365; x_wconf 82' lang='lat' dir='ltr'>minuenmt.</span> <span class='ocrx_word' id='word_1_187' title='bbox 1856 2345 1872 2358; x_wconf 84' lang='lat'><em>.</em></span> <span class='ocrx_word' id='word_1_188' title='bbox 1967 2325 2041 2365; x_wconf 76' lang='lat'>415</span> 
     </span>
     <span class='ocr_line' id='line_1_30' title="bbox 408 2386 1694 2456; baseline -0.003 -13"><span class='ocrx_word' id='word_1_189' title='bbox 408 2389 518 2443; x_wconf 86' lang='lat' dir='ltr'>Sed</span> <span class='ocrx_word' id='word_1_190' title='bbox 554 2388 753 2456; x_wconf 89' lang='lat' dir='ltr'>quibus</span> <span class='ocrx_word' id='word_1_191' title='bbox 788 2387 882 2441; x_wconf 91' lang='lat' dir='ltr'>ille</span> <span class='ocrx_word' id='word_1_192' title='bbox 915 2386 1094 2441; x_wconf 87' lang='lat' dir='ltr'>modis</span> <span class='ocrx_word' id='word_1_193' title='bbox 1129 2386 1409 2441; x_wconf 89' lang='lat' dir='ltr'>coniectus</span> <span class='ocrx_word' id='word_1_194' title='bbox 1444 2387 1694 2441; x_wconf 85' lang='lat' dir='ltr'>materiai</span> 
     </span>
    </p>

    <p class='ocr_par' dir='ltr' id='par_1_30' title="bbox 334 2462 1783 2533">
     <span class='ocr_line' id='line_1_31' title="bbox 334 2462 1783 2533; baseline 0 -16"><span class='ocrx_word' id='word_1_195' title='bbox 334 2464 583 2532; x_wconf 83' lang='lat' dir='ltr'>fundarit</span> <span class='ocrx_word' id='word_1_196' title='bbox 617 2469 824 2519; x_wconf 86' lang='lat' dir='ltr'>terram</span> <span class='ocrx_word' id='word_1_197' title='bbox 860 2468 918 2519; x_wconf 93' lang='lat' dir='ltr'>ct</span> <span class='ocrx_word' id='word_1_198' title='bbox 952 2465 1164 2518; x_wconf 88' lang='lat' dir='ltr'>caelum</span> <span class='ocrx_word' id='word_1_199' title='bbox 1199 2464 1464 2533; x_wconf 89' lang='lat' dir='ltr'>pontique</span> <span class='ocrx_word' id='word_1_200' title='bbox 1499 2462 1783 2532; x_wconf 84' lang='lat' dir='ltr'>profunda,</span> 
     </span>
    </p>

    <p class='ocr_par' dir='ltr' id='par_1_31' title="bbox 337 2540 1524 2612">
     <span class='ocr_line' id='line_1_32' title="bbox 337 2540 1524 2612; baseline 0.001 -19"><span class='ocrx_word' id='word_1_201' title='bbox 337 2540 468 2593; x_wconf 84' lang='lat' dir='ltr'>solis</span> <span class='ocrx_word' id='word_1_202' title='bbox 500 2540 648 2593; x_wconf 89' lang='lat' dir='ltr'>lunai</span> <span class='ocrx_word' id='word_1_203' title='bbox 684 2556 889 2607; x_wconf 75' lang='lat' dir='ltr'>cursu3‚</span> <span class='ocrx_word' id='word_1_204' title='bbox 924 2557 995 2593; x_wconf 88' lang='lat' dir='ltr'>ex</span> <span class='ocrx_word' id='word_1_205' title='bbox 1025 2540 1222 2593; x_wconf 70' lang='lat' dir='ltr'>&#39;ordine</span> <span class='ocrx_word' id='word_1_206' title='bbox 1257 2556 1468 2609; x_wconf 88' lang='lat' dir='ltr'>ponam.</span> <span class='ocrx_word' id='word_1_207' title='bbox 1515 2604 1524 2612; x_wconf 43' lang='lat'><strong>·</strong></span> 
     </span>
    </p>

    <p class='ocr_par' dir='ltr' id='par_1_32' title="bbox 336 2616 1677 2686">
     <span class='ocr_line' id='line_1_33' title="bbox 336 2616 1677 2686; baseline 0 -16"><span class='ocrx_word' id='word_1_208' title='bbox 336 2633 465 2670; x_wconf 90' lang='lat' dir='ltr'>nam</span> <span class='ocrx_word' id='word_1_209' title='bbox 500 2620 651 2671; x_wconf 86' lang='lat' dir='ltr'>certe</span> <span class='ocrx_word' id='word_1_210' title='bbox 685 2632 866 2685; x_wconf 91' lang='lat' dir='ltr'>neque</span> <span class='ocrx_word' id='word_1_211' title='bbox 902 2616 1123 2671; x_wconf 89' lang='lat' dir='ltr'>consilio</span> <span class='ocrx_word' id='word_1_212' title='bbox 1157 2616 1459 2686; x_wconf 88' lang='lat' dir='ltr'>primordia</span> <span class='ocrx_word' id='word_1_213' title='bbox 1492 2633 1677 2670; x_wconf 87' lang='lat' dir='ltr'>rerum</span> 
     </span>
    </p>

    <p class='ocr_par' dir='ltr' id='par_1_33' title="bbox 335 2692 2105 2761">
     <span class='ocr_line' id='line_1_34' title="bbox 335 2692 2105 2761; baseline 0 -14"><span class='ocrx_word' id='word_1_214' title='bbox 335 2692 529 2747; x_wconf 85' lang='lat' dir='ltr'>ordine</span> <span class='ocrx_word' id='word_1_215' title='bbox 565 2709 626 2747; x_wconf 91' lang='lat' dir='ltr'>se</span> <span class='ocrx_word' id='word_1_216' title='bbox 661 2709 759 2746; x_wconf 91' lang='lat' dir='ltr'>suo</span> <span class='ocrx_word' id='word_1_217' title='bbox 795 2693 1260 2761; x_wconf 61' lang='lat' dir='ltr'>quaeque-sagaci</span> <span class='ocrx_word' id='word_1_218' title='bbox 1294 2695 1480 2747; x_wconf 89' lang='lat' dir='ltr'>mente</span> <span class='ocrx_word' id='word_1_219' title='bbox 1513 2692 1761 2747; x_wconf 88' lang='lat' dir='ltr'>locarunt</span> <span class='ocrx_word' id='word_1_220' title='bbox 1969 2707 2041 2747; x_wconf 75' lang='lat'>420</span> <span class='ocrx_word' id='word_1_221' title='bbox 2100 2731 2105 2735; x_wconf 78' lang='lat'>-</span> 
     </span>
    </p>

    <p class='ocr_par' dir='ltr' id='par_1_34' title="bbox 336 2765 1939 2839">
     <span class='ocr_line' id='line_1_35' title="bbox 336 2765 1939 2839; baseline 0 -16"><span class='ocrx_word' id='word_1_222' title='bbox 336 2786 438 2823; x_wconf 90' lang='lat' dir='ltr'>nec</span> <span class='ocrx_word' id='word_1_223' title='bbox 474 2786 611 2839; x_wconf 91' lang='lat' dir='ltr'>quos</span> <span class='ocrx_word' id='word_1_224' title='bbox 635 2765 897 2838; x_wconf 64' lang='lat' dir='ltr'>⁴quaeque</span> <span class='ocrx_word' id='word_1_225' title='bbox 933 2769 1131 2824; x_wconf 89' lang='lat' dir='ltr'>darent</span> <span class='ocrx_word' id='word_1_226' title='bbox 1165 2772 1348 2824; x_wconf 88' lang='lat' dir='ltr'>motus</span> <span class='ocrx_word' id='word_1_227' title='bbox 1382 2769 1644 2838; x_wconf 82' lang='lat' dir='ltr'>pepigere</span> <span class='ocrx_word' id='word_1_228' title='bbox 1680 2769 1939 2837; x_wconf 86' lang='lat' dir='ltr'>profecto,</span> 
     </span>
    </p>

    <p class='ocr_par' dir='ltr' id='par_1_35' title="bbox 338 2844 1798 2914">
     <span class='ocr_line' id='line_1_36' title="bbox 338 2844 1798 2914; baseline -0.001 -15"><span class='ocrx_word' id='word_1_229' title='bbox 338 2845 439 2900; x_wconf 90' lang='lat' dir='ltr'>sed</span> <span class='ocrx_word' id='word_1_230' title='bbox 474 2846 603 2914; x_wconf 88' lang='lat' dir='ltr'>quia</span> <span class='ocrx_word' id='word_1_231' title='bbox 637 2845 810 2899; x_wconf 86' lang='lat' dir='ltr'>multa</span> <span class='ocrx_word' id='word_1_232' title='bbox 844 2844 1020 2899; x_wconf 91' lang='lat' dir='ltr'>modis</span> <span class='ocrx_word' id='word_1_233' title='bbox 1053 2845 1244 2899; x_wconf 87' lang='lat' dir='ltr'>multis</span> <span class='ocrx_word' id='word_1_234' title='bbox 1278 2845 1580 2913; x_wconf 86' lang='lat' dir='ltr'>primordia</span> <span class='ocrx_word' id='word_1_235' title='bbox 1612 2861 1798 2900; x_wconf 84' lang='lat' dir='ltr'>rerum</span> 
     </span>
    </p>

    <p class='ocr_par' dir='ltr' id='par_1_36' title="bbox 338 2921 1535 2991">
     <span class='ocr_line' id='line_1_37' title="bbox 338 2921 1535 2991; baseline -0.001 -15"><span class='ocrx_word' id='word_1_236' title='bbox 338 2938 407 2976; x_wconf 87' lang='lat' dir='ltr'>ex</span> <span class='ocrx_word' id='word_1_237' title='bbox 443 2922 656 2976; x_wconf 90' lang='lat' dir='ltr'>infinito</span> <span class='ocrx_word' id='word_1_238' title='bbox 690 2923 798 2976; x_wconf 91' lang='lat' dir='ltr'>iam</span> <span class='ocrx_word' id='word_1_239' title='bbox 833 2924 1082 2991; x_wconf 90' lang='lat' dir='ltr'>tempore</span> <span class='ocrx_word' id='word_1_240' title='bbox 1116 2921 1328 2991; x_wconf 82' lang='lat' dir='ltr'>percita</span> <span class='ocrx_word' id='word_1_241' title='bbox 1360 2922 1535 2991; x_wconf 89' lang='lat' dir='ltr'>plagis</span> 
     </span>
    </p>

    <p class='ocr_par' dir='ltr' id='par_1_37' title="bbox 337 2997 1712 3067">
     <span class='ocr_line' id='line_1_38' title="bbox 337 2997 1712 3067; baseline 0.001 -16"><span class='ocrx_word' id='word_1_242' title='bbox 337 2997 780 3067; x_wconf 84' lang='lat' dir='ltr'>ponderibusque</span> <span class='ocrx_word' id='word_1_243' title='bbox 814 2999 927 3052; x_wconf 90' lang='lat' dir='ltr'>suis</span> <span class='ocrx_word' id='word_1_244' title='bbox 959 3002 1293 3052; x_wconf 87' lang='lat' dir='ltr'>consuerunt</span> <span class='ocrx_word' id='word_1_245' title='bbox 1328 2999 1544 3052; x_wconf 84' lang='lat' dir='ltr'>concita</span> <span class='ocrx_word' id='word_1_246' title='bbox 1577 2999 1712 3052; x_wconf 85' lang='lat' dir='ltr'>ferri</span> 
     </span>
    </p>

    <p class='ocr_par' dir='ltr' id='par_1_38' title="bbox 337 3075 2040 3144">
     <span class='ocr_line' id='line_1_39' title="bbox 337 3075 2040 3144; baseline 0.001 -16"><span class='ocrx_word' id='word_1_247' title='bbox 337 3075 770 3144; x_wconf 86' lang='lat' dir='ltr'>omnimodisque</span> <span class='ocrx_word' id='word_1_248' title='bbox 805 3076 951 3130; x_wconf 86' lang='lat' dir='ltr'>coire</span> <span class='ocrx_word' id='word_1_249' title='bbox 986 3079 1155 3144; x_wconf 87' lang='lat' dir='ltr'>atque</span> <span class='ocrx_word' id='word_1_250' title='bbox 1189 3075 1371 3128; x_wconf 87' lang='lat' dir='ltr'>omnia</span> <span class='ocrx_word' id='word_1_251' title='bbox 1405 3078 1793 3144; x_wconf 88' lang='lat' dir='ltr'>pertemptare,</span> <span class='ocrx_word' id='word_1_252' title='bbox 1967 3092 2040 3130; x_wconf 79' lang='lat'>425</span> 
     </span>
    </p>

    <p class='ocr_par' dir='ltr' id='par_1_39' title="bbox 340 3152 1804 3222">
     <span class='ocr_line' id='line_1_40' title="bbox 340 3152 1804 3222; baseline 0.001 -18"><span class='ocrx_word' id='word_1_253' title='bbox 340 3166 714 3221; x_wconf 89' lang='lat' dir='ltr'>quaecumque</span> <span class='ocrx_word' id='word_1_254' title='bbox 745 3152 891 3207; x_wconf 85' lang='lat' dir='ltr'>inter</span> <span class='ocrx_word' id='word_1_255' title='bbox 924 3167 985 3207; x_wconf 90' lang='lat' dir='ltr'>se</span> <span class='ocrx_word' id='word_1_256' title='bbox 1019 3152 1246 3222; x_wconf 89' lang='lat' dir='ltr'>possent</span> <span class='ocrx_word' id='word_1_257' title='bbox 1278 3166 1571 3219; x_wconf 86' lang='lat' dir='ltr'>congressa</span> <span class='ocrx_word' id='word_1_258' title='bbox 1605 3168 1804 3219; x_wconf 78' lang='lat' dir='ltr'>creare,</span> 
     </span>
    </p>
   </div>
  </div>
 </body>
</html>
