2259 3442
1130 113 1192 171 V
1900 114 2011 173 139

297 218 538 289 donique
573 235 699 274 eum
732 221 925 275 contra
957 218 1120 288 pleno
1154 218 1297 273 bene
1331 217 1535 272 lumine
1567 218 1723 271 fulsit

296 299 464 364 atque
500 295 681 350 oriens
715 295 900 350 obitus
935 296 1054 350 eius
1090 311 1265 364 super«
1289 293 1441 349 edita
1475 294 1646 360 vidit3

298 370 429 425 inde
466 370 779 426 minutatim
813 374 965 425 retro
1003 372 1159 440 quasi
1196 371 1433 425 condere
1465 371 1648 424 lumen
1943 385 2014 427 ⁷1⁰

297 446 465 502 debet
499 447 653 516 item,
689 450 892 516 quanto
927 448 1150 515 propius
1185 447 1295 500 iam
1331 447 1458 501 solis
1494 447 1566 500 ad
1602 447 1783 515 ignem

297 522 502 577 labitur
538 540 608 577 ex
642 523 751 577 alia
786 522 1059 590 signorum
1096 526 1256 592 parte
1290 539 1390 591 per
1425 522 1645 588 orbem;

298 602 364 654 ut
398 601 621 668 faciunt,
657 599 837 654 lunam
875 599 970 668 qui
1008 599 1226 667 fingunt
1260 615 1380 653 esse
1415 599 1546 668 pilai

296 676 632 730 consimilem
667 692 967 744 cursusque
1002 676 1145 729 viam
1181 674 1284 729 sub
1318 676 1433 731 sole
1468 679 1670 730 tenere.

295 756 382 807 est
419 752 587 807 etiam
622 769 795 822 quare
828 752 1049 822 proprio
1085 769 1210 806 cum
1244 752 1449 807 lumine
1483 752 1656 822 possit
1948 765 2018 808 715

278 828 501 895 vvolvier
536 833 595 883 et
629 829 808 883 varias
843 829 1150 898 splendoris
1184 829 1429 883 reddere
1456 829 1672 883 formas.

289 920 485 973 corpus
522 904 666 960 enim
700 905 830 960 licet
865 922 984 960 esse
1020 905 1170 959 aliud
1207 905 1356 973 qu'od
1390 906 1568 959 fertur
1601 909 1662 959 et
1695 921 1805 959 una

289 979 495 1035 labitur
530 981 853 1035 omnimodis
888 998 1173 1035 occursans
1209 981 1551 1050 officiensque

288 1073 388 1110 nec
423 1059 566 1125 potis
600 1060 687 1111 est
720 1057 892 1122 cerni,
927 1058 1056 1125 quia
1090 1073 1303 1110 cassum
1339 1057 1539 1111 lumine
1572 1059 1761 1112 fertur.

290 1133 606 1201 versarique
640 1136 837 1201 potest,
871 1132 1065 1201 globus
1100 1135 1179 1200 ut,
1216 1132 1262 1186 si
1297 1133 1454 1201 forte,
1488 1133 1617 1202 pilai
1940 1146 2012 1188 ⁷23

289 1208 516 1262 dimidia
550 1227 619 1263 ex
652 1210 799 1278 parti
834 1209 1089 1263 candenti
1122 1209 1326 1263 lumine
1360 1210 1577 1274 tinctus,

290 1286 667 1354 versandoque
701 1285 922 1353 globum
958 1285 1220 1339 variantis
1255 1285 1420 1340 edere
1455 1287 1670 1352 formas,

292 1361 530 1432 donique
566 1379 689 1416 eam
723 1365 952 1431 partem,
988 1379 1364 1432 quaecumque
1399 1366 1486 1417 est
1519 1362 1737 1431 ignibus
1770 1367 1945 1431 aucta,

289 1437 364 1490 ad
400 1438 635 1507 speciem
670 1438 841 1493 vertit
871 1438 1028 1494 nobis
1063 1439 1357 1508 oculosque
1391 1441 1669 1509 patentis;

289 1513 423 1569 inde
457 1515 769 1570 minutatim
804 1519 954 1570 retro
990 1519 1318 1585 contorquet
1353 1519 1412 1570 et
1446 1516 1626 1570 aufert
1933 1532 2004 1573 725

286 1589 567 1645 luciferam
603 1595 818 1661 partem
854 1592 1258 1661 glomeraminis
1293 1597 1460 1662 atque
1494 1593 1656 1661 pilai;

287 1670 352 1720 ut
388 1666 717 1737 Babylonica
754 1667 1089 1723 Chaldaeum
1126 1668 1377 1723 doctrina
1410 1669 1656 1724 refutans

287 1743 685 1811 astrologorum
720 1748 897 1798 artem
933 1748 1125 1798 contra
1159 1745 1475 1801 convincere
1511 1746 1706 1814 tendit,

288 1819 518 1886 proinde
553 1820 708 1888 quasi
741 1820 802 1873 id
835 1821 955 1873 fieri
990 1824 1232 1888 nequeat
1267 1821 1416 1888 quod
1449 1826 1657 1889 pugnat
1690 1825 1928 1893 uterque

288 1897 385 1947 aut
419 1894 599 1948 minus
634 1895 736 1949 hoc
771 1895 865 1949 illo
900 1897 973 1949 sit
1006 1912 1103 1949 cur
1137 1896 1455 1965 amplectier
1490 1898 1648 1951 ausis.
1930 1911 2003 1953 730

288 1969 522 2039 denique
558 1988 655 2025 cur
688 1975 930 2040 nequeat
966 1988 1184 2040 semper
1217 1988 1356 2027 nova
1390 1972 1517 2027 luna
1550 1972 1730 2028 creari

288 2046 481 2101 ordine
515 2049 813 2102 formarum
849 2051 1001 2102 certo
1036 2048 1313 2116 certisque
1348 2048 1535 2117 figuris

284 2122 451 2192 inque
487 2124 605 2179 dies
639 2123 820 2194 privos
856 2123 1082 2178 aborisci
1119 2135 1368 2194 quaeque
1403 2128 1589 2179 creata

286 2202 455 2269 atque
491 2200 597 2253 alia
629 2200 773 2254 illius
808 2200 1053 2270 reparari
1086 2199 1148 2253 in
1181 2204 1339 2269 parte
1375 2201 1617 2271 locoque,

285 2275 558 2330 difficilest
593 2278 803 2333 ratione
839 2277 1038 2331 docere
1074 2278 1135 2330 et
1168 2277 1386 2332 vincere
1421 2277 1615 2346 verbis,
1913 2292 1986 2336 735

285 2351 478 2407 ordine
512 2370 636 2407 cum
663 2352 890 2422 possint
924 2357 1041 2409 tam
1078 2356 1232 2408 certo
1265 2354 1438 2408 multa
1471 2355 1658 2411 creari.

286 2428 335 2483 it
370 2447 466 2484 ver
500 2429 560 2484 et
596 2431 798 2500 VenuS,
834 2435 894 2486 et
929 2432 1075 2487 veris
1109 2432 1463 2501 praenuntius
1500 2436 1628 2486 anto

284 2510 554 2574 pennatus
589 2508 844 2575 graditur
878 2508 1159 2577 zephyrus,
1198 2508 1428 2576 vestigia
1462 2512 1689 2577 propter

288 2580 453 2635 Flora
487 2582 682 2650 quibus
718 2586 899 2638 mater
931 2601 1328 2654 praespargens
1363 2588 1491 2638 ante
1528 2584 1633 2638 viai

287 2661 482 2711 cuncta
516 2657 785 2712 coloribus
821 2661 1056 2727 egregiis
1088 2663 1151 2714 et
1186 2659 1442 2713 odoribus
1477 2661 1675 2729 opplet.
1925 2671 1996 2715 740

286 2732 417 2789 inde
453 2734 558 2787 loci
595 2735 841 2804 sequitur
876 2736 1022 2789 calor
1056 2736 1245 2789 aridus
1281 2739 1340 2790 et
1373 2752 1553 2790 comes
1588 2753 1695 2790 una

287 2810 665 2878 pulverulenta
701 2810 868 2865 Ceres
903 2818 953 2866 et
989 2813 1162 2866 etesia
1195 2813 1367 2865 flabra
1401 2812 1725 2881 aquilonum.

286 2885 416 2940 inde
452 2890 749 2941 autumnus
783 2887 918 2956 adit,
951 2889 1207 2957 graditur
1242 2889 1403 2943 simul
1440 2889 1647 2942 Euhius
1685 2890 1854 2943 Euan.

285 2961 414 3015 inde
449 2963 588 3017 aliae
624 2967 982 3032 tempestates
1016 2965 1278 3033 ventique
1313 2969 1587 3033 secuntur,

286 3036 580 3092 altitonans
619 3040 922 3095 Volturnus
958 3044 1017 3095 et
1050 3044 1238 3094 auster
1272 3041 1497 3094 fulmine
1531 3041 1753 3109 pollens.
1921 3055 1992 3098 715

287 3113 513 3168 tandem
548 3115 743 3170 bruma
776 3116 930 3172 nives
964 3117 1151 3171 adfert
1185 3118 1510 3186 pigrumque
1544 3118 1796 3187 rigorem,

287 3188 474 3257 prodit
508 3190 738 3261 hiemps,
762 3194 1013 3263 sequitur
1046 3194 1320 3262 crepitans
1354 3192 1494 3248 hanc
1528 3193 1787 3249 dentibus
1820 3194 1988 3263 algor.
