2259 3442
234 108 324 167 12*
1063 119 1098 163 ι

228 213 278 269 si
310 213 520 269 nullum
553 213 712 281 foret,
748 212 887 268 haut
920 227 1154 281 usquam
1190 211 1298 267 sita
1330 226 1559 281 corpora
1591 214 1819 282 possent

229 308 354 347 esse
387 306 569 362 neque
603 290 822 345 omnino
854 304 1129 360 quoquam
1165 289 1384 344 diversa
1417 306 1634 356 meare;

227 369 291 424 id
324 369 475 439 quod
510 369 619 422 iam
656 383 855 445 supera
888 366 992 421 tibi
1027 365 1191 436 paulo
1226 365 1568 421 ostendimus
1603 369 1750 421 ante.

227 449 522 516 praeterea
556 446 631 500 nil
667 449 754 499 est
758 430 939 514 quod
972 443 1148 513 possis
1183 442 1369 497 dicere
1405 443 1476 498 ab
1510 444 1657 497 omni
1864 458 1939 497 43⁰

228 538 458 590 corpore
495 523 801 576 seiunctum
837 522 1221 589 secretumque
1256 536 1378 574 esse
1414 519 1485 574 ab
1521 519 1686 586 inani,

229 596 380 667 quod
414 599 571 667 quasi
606 598 777 653 tertia
812 597 885 651 sit
919 613 1149 651 numero
1184 598 1381 650 natura
1416 601 1652 666 reperta.

227 690 355 729 nam
379 673 761 743 quodcumque
785 673 908 742 erit,
933 689 1055 727 esse
1078 673 1290 742 aliquid
1312 672 1540 727 debebit
1561 673 1623 727 id
1646 673 1855 742 ipsum3

230 751 316 804 cui
354 752 400 804 si
435 753 617 804 tactus
652 750 759 805 erit
793 749 1045 819 quamvis
1078 749 1216 804 levis
1249 749 1603 819 exiguusque,

229 827 486 895 augmine
520 826 607 880 vel
641 825 837 894 grandi
872 825 958 881 vel
994 842 1164 895 parvo
1200 825 1450 894 denique,
1488 825 1620 897 dum
1635 826 1747 901 git,
1865 843 1939 881 435

229 904 472 972 corporis
507 903 732 973 augebit
766 919 1056 958 numerum
1092 918 1469 971 summamque
1506 908 1783 973 sequetur.

230 978 313 1033 sin
350 980 596 1035 intactile
630 979 754 1047 erit,
790 978 940 1033 nulla
974 979 1046 1033 de
1080 982 1242 1049 parte
1277 978 1428 1047 quod
1460 979 1630 1034 ullam

229 1072 347 1110 rem
375 1056 673 1125 prohibere
708 1058 879 1125 queat
912 1071 1015 1126 per
1049 1072 1108 1109 se
1143 1055 1379 1110 transire
1412 1060 1703 1126 meantem,

231 1133 438 1188 scilicet
472 1133 576 1187 hoc
610 1133 672 1188 id
707 1132 829 1201 erit,
864 1148 1096 1187 vacuum
1132 1131 1283 1201 quod
1316 1132 1480 1187 inane
1514 1150 1783 1189 vocamus,

228 1214 518 1279 practerea
552 1225 654 1279 per
688 1225 749 1264 se
784 1209 1169 1278 quodcumque
1205 1208 1328 1277 erit,
1364 1213 1464 1265 aut
1498 1211 1603 1265 faci
1606 1215 1664 1266 et
1698 1211 1833 1281 quid
1867 1227 1941 1266 440

229 1290 328 1340 aut
362 1286 482 1339 aliis
517 1286 670 1354 fungi
707 1284 936 1341 debebit
970 1285 1264 1353 agentibus
1297 1285 1477 1376 ipsum

229 1366 327 1416 aut
362 1364 471 1416 crit
506 1366 572 1416 ut
607 1361 818 1428 possint
850 1362 908 1415 in
945 1377 1010 1414 eo
1046 1378 1138 1415 res
1172 1378 1295 1415 csse
1328 1364 1569 1432 gerique.

229 1442 290 1493 at
323 1438 505 1491 facere
540 1441 601 1493 et
632 1437 786 1504 fungi
823 1437 940 1491 sine
973 1452 1202 1504 corpore
1235 1436 1385 1491 nulla
1416 1443 1731 1509 pQQQ-ygs

229 1530 331 1568 nec
364 1512 632 1582 praebere
667 1512 844 1567 locum
878 1528 1042 1581 porro
1078 1513 1185 1566 nisi
1216 1513 1377 1567 inane
1410 1530 1730 1584 vacansque.

231 1606 365 1658 crgo
398 1593 621 1659 practer
652 1589 813 1643 inane
847 1593 907 1644 et
942 1604 1172 1657 corpora
1205 1589 1375 1643 tertia
1408 1606 1510 1666 per
1545 1606 1604 1659 se
1862 1605 1938 1645 445

230 1667 379 1721 nulla
414 1669 601 1736 potest
636 1681 819 1719 rerum
855 1666 912 1719 in
945 1681 1173 1719 numero
1207 1667 1405 1720 natura
1439 1666 1690 1736 relinqui,

230 1759 333 1798 nec
368 1759 509 1812 quac
546 1741 649 1796 sub
685 1758 877 1797 sensus
912 1740 1076 1797 cadat
1110 1742 1223 1795 ullo
1257 1745 1507 1812 tempore
1541 1747 1758 1800 nostros

229 1836 332 1875 nec
366 1819 581 1874 rationo
617 1818 784 1874 animi
820 1835 986 1888 quam
1021 1818 1314 1889 quisquam
1347 1820 1523 1889 possit
1558 1822 1740 1891 apisci.

300 1896 444 1950 Nam
480 1912 856 1987 quaecumque
889 1896 1091 1961 cluent,
1127 1900 1226 1951 aut
1260 1896 1347 1950 his
1381 1898 1667 1954 coniuncta
1702 1899 1916 1955 duabus

230 1973 398 2030 rebus
433 1990 500 2028 ea
533 1973 777 2028 invenies
812 1976 909 2028 aut
944 1973 1139 2029 horum
1176 1977 1375 2029 eventa
1408 1973 1635 2031 videbis.
1865 1992 1940 2031 450

230 2051 578 2105 coniunctum
612 2053 699 2105 est
731 2050 792 2105 id
826 2050 975 2118 quod
1009 2068 1277 2119 nusquam
1313 2052 1431 2107 sine
1463 2055 1717 2120 pernicia’
1723 2055 1741 2107 i

232 2128 460 2182 discidio
494 2128 640 2197 potis
676 2131 761 2182 est
797 2126 1006 2195 seiungi
1042 2143 1213 2195 seque
1246 2129 1480 2196 gregati,

229 2205 444 2274 pondus
478 2205 561 2257 uti
598 2203 784 2271 saxist‚
820 2203 967 2257 calor
999 2202 1158 2270 ignis,
1194 2203 1374 2271 Ii‘quor
1407 2206 1622 2273 aquai.
1649 2208 1705 2261 ‘³'

231 2297 413 2330 'morus
431 2295 726 2328 conronmus
747 2294 945 2328 CUNo'rIs
965 2294 1202 2327 INTACTUS
1221 2295 1367 2328 mm

159 2397 177 2411 .
232 2352 512 2406 servitium
551 2353 740 2404 contra
772 2353 1071 2418 paupertas
1104 2348 1456 2419 divitioeque,
1865 2369 1939 2409 455

230 2427 459 2482 libertas
493 2427 697 2482 bellum
732 2424 1036 2492 concordia,
1072 2428 1260 2479 cetera
1294 2442 1526 2494 quorum

115 2552 121 2560 .
231 2505 475 2559 adventu
508 2506 696 2557 manet
730 2502 1017 2556 incolumis
1051 2505 1252 2556 natura
1286 2502 1568 2575 abituque,

230 2581 366 2635 haec
401 2580 545 2634 soliti
582 2596 782 2647 sumus,
817 2582 882 2633 ut
916 2595 1018 2646 tar
1052 2582 1155 2646 est,
1191 2584 1390 2636 eventa
1424 2599 1633 2639 vocare.

231 2662 451 2727 tempus
485 2657 623 2711 item
654 2672 757 2724 per
791 2672 852 2711 se
884 2671 991 2710 non
1031 2660 1132 2724 est,
1169 2656 1271 2710 sed
1304 2658 1470 2713 rebus
1505 2660 1577 2714 ab
1609 2661 1745 2730 ipsis

231 2733 585 2803 consequitur
620 2748 824 2798 sensus,
859 2735 1202 2788 transactum
1238 2734 1374 2803 quid
1410 2736 1482 2790 sit
1516 2739 1574 2790 in
1608 2754 1758 2803 aevo,
1866 2752 1943 2795 wo

231 2815 352 2864 tum
388 2827 531 2880 quae
566 2826 657 2865 res
690 2810 878 2878 instet,
913 2810 1049 2880 quid
1083 2827 1248 2881 porro
1284 2811 1488 2867 deindo
1523 2819 1801 2883 sequatur.

230 2904 332 2942 noc
365 2905 467 2957 per
501 2904 561 2941 se
598 2902 929 2957 quemquam
965 2889 1187 2957 tempus
1222 2890 1428 2944 sentire
1461 2890 1805 2946 fatendumst

230 2968 502 3019 semotum
537 2964 608 3019 ab
643 2982 827 3020 rerum
862 2968 1017 3020 motu
1052 2967 1380 3038 placidaque
1415 2968 1616 3037 quieto.

230 3041 469 3112 denique
506 3043 872 3113 Tyndaridem
909 3048 1127 3114 raptam
1163 3044 1421 3115 belloque
1456 3046 1711 3102 subactas

230 3119 567 3190 Troiugenas
601 3121 787 3190 gentis
821 3138 946 3177 cum
982 3120 1175 3177 dicunt
1209 3139 1347 3191 esse,
1384 3123 1740 3180 videndumst
1872 3140 1949 3202 dos

228 3212 301 3251 ne
335 3198 478 3254 forte
511 3199 647 3255 haec
680 3215 783 3271 per
818 3216 878 3254 se
913 3202 1115 3269 cogant
1150 3216 1251 3255 nos
1285 3216 1407 3256 csse
1442 3201 1624 3271 fateri,
