2259 3442
795 453 857 511 T.
890 453 1226 510 LUCRETI
1263 453 1454 510 CARI

475 621 639 698 DE
715 623 1158 700 RERUM
1236 622 1772 699 NATURA

802 814 1057 863 LIBER
1101 812 1441 864 SEXTUS.

996 992 1202 1026 ——4——2

270 1139 488 1209 Primae
519 1140 828 1211 frugiparos
861 1141 1009 1196 fetus
1044 1141 1367 1196 mortalibus
1401 1141 1580 1210 aegris

187 1251 196 1260 .
269 1215 591 1272 dididerunt
626 1217 900 1287 quondam
935 1218 1218 1287 praeclaro
1252 1217 1471 1271 nominc
1509 1216 1763 1272 Athenae

268 1296 328 1347 et
363 1297 749 1347 recreaverunt
782 1294 952 1347 vitam
987 1293 1247 1363 legesque
1281 1296 1560 1362 rogarunt,

269 1371 328 1423 et
361 1369 571 1438 primae
606 1368 881 1423 dederunt
915 1368 1111 1423 solacia
1148 1369 1328 1423 dulcia
1361 1370 1523 1438 vitae,

267 1460 391 1498 cum
425 1460 664 1513 genuere
698 1445 873 1498 virum
908 1445 1007 1499 tali
1040 1462 1165 1499 cum
1200 1445 1368 1500 corde
1403 1446 1701 1515 repertum,
1949 1456 1978 1497 5

266 1520 447 1574 omnia
479 1519 715 1575 veridico
750 1520 845 1588 qui
880 1522 1156 1588 quondam
1193 1539 1263 1576 ex
1298 1538 1393 1576 ore
1427 1521 1702 1590 profudit3

266 1597 419 1651 euius
452 1599 513 1650 et
547 1596 776 1650 extincti
812 1600 1040 1665 propter
1076 1598 1263 1652 divina
1296 1601 1519 1667 reperta

268 1671 544 1741 divolgata
578 1674 737 1726 vetus
772 1672 880 1726 iam
915 1673 986 1726 ad
1021 1674 1233 1728 caelum
1267 1674 1442 1743 gloria
1476 1674 1666 1728 fertur.

266 1766 393 1805 uam
429 1766 553 1803 cum
588 1747 728 1803 vidit
762 1749 849 1804 hie
885 1749 958 1804 ad
992 1750 1199 1804 victum
1234 1767 1376 1819 quae
1412 1750 1625 1819 flagitat
1659 1763 1790 1802 usus

266 1825 448 1880 onmia
479 1825 589 1879 iam
623 1826 797 1881 ferme
830 1826 1153 1881 mortalibus
1187 1842 1308 1880 esse
1343 1832 1536 1896 parata
1922 1835 1974 1876 1⁰

268 1904 340 1968 et,
376 1919 640 1971 proquam
676 1913 878 1972 posset,
913 1903 1081 1957 vitam
1116 1902 1418 1957 consistere
1452 1905 1646 1968 tutam,

266 1978 468 2032 divitiis
503 1978 749 2032 homines
786 1982 843 2034 et
876 1978 1082 2033 honore
1117 1981 1176 2033 et
1210 1977 1375 2032 laude
1410 1978 1651 2048 potentis

237 2054 487 2108 ,affluere
519 2058 690 2125 atque
723 2054 869 2110 bona
903 2058 1193 2123 gnatorum
1227 2054 1499 2109 excellere
1533 2055 1691 2122 fama,
1720 2075 1725 2076 ⁷

264 2147 364 2184 nee
398 2131 579 2190 miuus
613 2147 734 2185 esse
770 2132 919 2186 domi
953 2131 1208 2201 cuiquam
1244 2134 1431 2185 tamen
1467 2131 1629 2184 anxia
1662 2128 1846 2196 corda,

264 2210 433 2275 atque
464 2206 632 2261 animi
666 2207 894 2275 ingratis
927 2207 1097 2262 vitam
1134 2224 1334 2262 vexare
1366 2208 1492 2262 sine
1527 2208 1647 2261 ulla
1919 2219 1969 2259 1⁵

197 2323 202 2330 .
263 2298 436 2350 pausa
471 2284 639 2351 atque
673 2283 885 2337 infestis
920 2284 1075 2350 eogei
1110 2284 1318 2338 saevire
1356 2283 1634 2353 querellis,

235 2356 535 2425 intellegit
568 2355 644 2409 ibi
680 2357 874 2411 vitium
909 2374 1005 2412 vas
1041 2358 1258 2414 efficere
1290 2360 1472 2428 ipsum

263 2433 553 2502 omniaque
587 2432 731 2486 iliius
766 2432 901 2487 vitio
938 2436 1279 2504 corrumpier
1311 2436 1462 2489 intus

264 2525 405 2579 quae
439 2508 655 2563 conlata
689 2508 823 2562 foris
858 2512 916 2563 et
951 2512 1238 2565 commoda
1272 2528 1506 2581 cumque
1540 2512 1821 2580 venirent3

262 2586 465 2656 partim
500 2586 651 2656 quod
686 2586 891 2639 fluxum
925 2591 1323 2656 pertusumque
1358 2604 1479 2643 esse
1514 2588 1754 2655 videbat,
1917 2601 1966 2642 ao

261 2664 326 2716 ut
361 2663 509 2717 nulla
542 2666 730 2732 posset
764 2663 976 2716 ratione
1013 2663 1288 2731 explerier
1321 2681 1612 2734 umquam3

261 2739 463 2808 partim
498 2739 646 2808 quod
681 2741 862 2793 taetro
897 2738 1055 2808 quasi
1090 2755 1452 2808 conspurcare
1487 2755 1682 2808 sapore

262 2816 442 2869 omnia
476 2816 753 2883 cernebat,
790 2831 1163 2884 quaecumque
1197 2819 1495 2885 receperat,
1528 2817 1692 2871 intus.

262 2889 513 2944 veridicis
547 2890 719 2959 igitur
752 2891 1011 2960 purgavit
1043 2893 1272 2960 pectora
1308 2891 1471 2946 dictis

260 2970 321 3020 et
353 2966 517 3018 finem
554 2967 749 3020 statuit
784 2966 1107 3035 cuppedinis
1142 2969 1312 3035 atque
1346 2968 1561 3020 timoris
1834 3006 1839 3011 .
1918 2982 1969 3023 25

262 3040 626 3107 exposuitque
660 3039 863 3093 bonum
898 3057 1169 3094 summum
1206 3058 1316 3109 quo
1349 3042 1628 3094 tendimus
1662 3058 1851 3096 omnes

265 3114 399 3181 quid
434 3112 591 3179 soret,
629 3118 798 3182 atque
833 3116 976 3167 viam
1011 3116 1353 3183 monstravit,
1389 3117 1616 3170 tramite
1648 3133 1819 3185 parvo
