2259 3442
1012 108 1140 157 xxvi

345 246 449 301 897
472 260 572 312 pro
596 257 876 308 oonpoms,
909 240 1059 309 quod
1093 239 1382 293 manifesto
1413 238 1522 293 lmc
1552 255 1623 293 ex
1659 238 1946 309 superiore

239 345 404 386 versu
430 328 676 399 inrepsit,
711 343 882 395 aeque
917 326 985 380 id
1016 341 1142 379 cum
1178 323 1475 393 Bernaysio
1510 324 1723 393 recepi3
1758 341 1948 393 quam-

241 431 407 484 quam
448 412 733 468 fatendum
772 415 860 466 est
896 427 1153 465 numeros
1189 410 1270 464 ita
1306 410 1445 464 effici
1479 411 1642 479 paulo
1680 410 1947 465 duriores

242 500 636 563 Lachmannus‚
661 499 881 551 retento
903 495 1175 564 corpor-ic,
1201 494 1362 549 eiecit
1384 511 1465 548 ac.

345 590 446 639 905
471 600 571 653 pro
596 598 856 637 Pounnnn
881 597 1074 635 MAGNO
1102 581 1485 635 Lachmannus
1506 580 1772 650 pondera
1793 597 1949 647 maq-

240 686 335 724 πα.
381 672 627 724 ceterum
651 669 716 724 cf.
742 684 781 722 v
804 674 921 723 556.

347 761 448 810 934
481 772 582 825 pro
618 769 745 809 mus
781 754 1163 809 Lachmannus
1194 753 1263 806 ab
1296 752 1436 807 ibus.
1485 752 1501 780 ‘
1515 768 1695 820 neque
1724 751 1838 805 ulla
1861 756 1951 816 est,

243 840 488 895 Lucretii
511 841 569 894 in
584 826 694 894 ‘hoc
716 855 919 908 genere
943 837 1319 907 neglegentia'.
1353 837 1489 891 haec
1503 837 1637 901 ,ille.;
1659 836 1795 890 mihi
1815 853 1948 890 vero

242 942 265 980 1
290 913 392 981 {352
424 926 480 979 in
509 942 694 979 omnes
725 928 914 994 partes
943 923 1275 977 simillimum
1309 922 1547 978 videtur.
1592 922 1660 977 cf.
1684 923 1851 977 etiam
1887 938 1948 976 v1

246 1016 362 1080 757,
390 1017 487 1071 759
515 1012 1024 1080 ᾳααιίνίρεάεε...αι
1051 1011 1104 1064 si
1136 1011 1255 1065 sint
1283 1016 1529 1063 mactata
1553 1015 1812 1078 repente,·
1849 1009 1947 1063 ubi

245 1097 622 1152 Lachmannus
641 1099 716 1165 fit
738 1103 1028 1151 mactatus.
1076 1095 1177 1150 sed
1209 1112 1392 1164 neque
1426 1095 1539 1149 illic
1561 1096 1640 1162 fit
1661 1102 1949 1149 mactatus

243 1192 468 1254 repente
491 1187 621 1254 apte
646 1183 754 1237 dici
777 1185 979 1252 potest,
1003 1184 1064 1236 ct
1073 1182 1150 1250 fit
1176 1197 1277 1249 pro
1290 1181 1406 1248 fiat
1434 1196 1506 1234 ne
1540 1180 1794 1235 Latinum
1826 1180 1947 1248 qui-

244 1270 374 1324 dcm
399 1273 501 1324 est.
1303 1340 1314 1347 ἱ

349 1367 446 1416 961
475 1377 576 1430 pro
601 1375 766 1414 mrus
790 1359 982 1427 scripsi
1004 1359 1073 1412 in
1097 1365 1210 1413 test.
1260 1358 1640 1413 Lachmannus
1661 1366 1833 1414 actus.

352 1452 480 1498 1011
506 1461 608 1514 pro
633 1458 845 1497 MAGNIS
866 1458 979 1504 th
1005 1459 1289 1497 Molv'rnws
1314 1444 1506 1513 scripsi
1526 1461 1649 1498 cum
1669 1445 1945 1500 veteribus

243 1532 473 1598 maynis
495 1547 638 1598 quac
659 1530 913 1583 mot-ibus.
960 1546 1174 1598 maqna
1198 1546 1328 1583 vero
1357 1530 1661 1584 necessario
1697 1548 1823 1585 cum
1856 1549 1945 1586 su-

242 1617 550 1687 perioribus
587 1615 1037 1684 coniungendum.
1102 1614 1452 1670 durissimum
1489 1620 1576 1671 est
1613 1617 1943 1672 Lachmanni

243 1704 473 1771 maym's
495 1703 597 1770 qui
620 1702 910 1756 mentibus.

351 1795 485 1845 1032
526 1789 789 1843 librorum
831 1801 1052 1850 QUOQUE
1093 1785 1323 1841 servavi.
1393 1786 1771 1841 Lachmannus
1811 1803 1944 1855 quo-

243 1875 395 1928 dam.

352 1964 483 2018 1037
508 1962 661 2015 recte
684 1959 858 2014 codex
882 1958 1140 2013 Laui-ent.
1188 1957 1328 2028 plut.
1353 1973 1506 2012 xxxv
1530 1963 1592 2014 31
1629 1956 1697 2011 in
1725 1956 1943 2012 addidit

242 2048 369 2114 post
393 2046 470 2101 id.
521 2045 899 2099 Lachmannus
921 2061 963 2098 e.

351 2135 484 2184 1058
509 2128 885 2182 Lachmannus
902 2127 1108 2180 frustra
1123 2143 1348 2180 momen
1372 2142 1473 2194 pro
1497 2140 1710 2179 NOMEN.
1744 2141 1943 2179 nomen

244 2217 443 2270 amoris
478 2220 564 2269 est
600 2213 828 2283 Cupide.
883 2211 949 2265 ef.
985 2227 1108 2264 ann.
1143 2211 1274 2279 phil.
1310 2211 1470 2264 Cant.
1504 2225 1528 2262 1
1560 2225 1614 2277 p.
1650 2214 1731 2264 35.
1767 2211 1825 2263 in
1859 2228 1943 2265 se-

244 2302 451 2367 quente
480 2314 641 2351 versu
677 2296 826 2349 idem
850 2293 1227 2348 Lachmannus
1252 2295 1393 2347 male
1423 2296 1551 2362 post
1584 2293 1744 2348 illaec
1774 2295 1944 2349 inter-

243 2387 481 2522 punlxggi)
523 2481 695 2534 quom
734 2467 864 2519 ante
912 2480 1085 2531 quam
1134 2464 1335 2532 infulsi,
1382 2467 1442 2519 et
1493 2470 1626 2521 1090
1673 2481 1774 2533 pro
1820 2481 1940 2521 mu

244 2553 434 2622 scripsi
444 2558 597 2606 «tum.
671 2549 1047 2603 Lachmannns
1070 2567 1179 2616 quo
1200 2567 1362 2618 maye
1382 2568 1484 2621 pro
1508 2566 1687 2612 QUAM.

351 2642 481 2692 1096
546 2651 646 2704 pro
702 2649 920 2688 numm
989 2633 1390 2690 Wakefieldum
1465 2641 1689 2692 secutus
1749 2638 1937 2706 scripsi

242 2730 478 2791 raptast.
561 2721 941 2776 Lachmannus
1012 2737 1138 2775 eum
1196 2720 1451 2777 Bentleio
1521 2730 1766 2779 mentem
1839 2740 1940 2792 pro

242 2821 439 2862 VENTO.

351 2901 482 2949 1125
506 2911 804 2965 pronomen
826 2895 965 2949 huic
998 2898 1096 2949 aut
1127 2894 1337 2965 aliquid
1367 2895 1633 2949 eiusmodi
1660 2894 1940 2964 postulare

241 2982 572 3036 sententiam
596 2981 814 3036 ostendi
843 2982 901 3034 in
932 2998 1053 3035 ann.
1075 2981 1205 3050 phil.
1234 2982 1389 3035 Cant.
1413 2995 1474 3034 1v
1496 2997 1548 3050 p.
1573 2985 1689 3038 287.
1750 2980 1940 3049 itaque

239 3081 342 3135 pro
366 3069 622 3135 corrupto
648 3065 964 3120 UNGUENTA
988 3065 1180 3136 scripsi
1204 3066 1341 3119 huic
1356 3065 1520 3119 lenta.
1565 3065 1940 3141 Lachmannns
1967 3074 1977 3081 ·

240 3157 558 3218 amentum.
