2259 3442
262 86 377 145 100
1047 83 1193 139 1111

251 189 598 259 nequiquam,
631 188 894 257 quoniam
927 204 1055 259 pars
1089 187 1286 241 horum
1322 187 1559 242 maxima
1590 187 1732 243 fallit

250 270 477 337 propter
511 266 765 335 opinatus
800 264 966 319 animi
1000 280 1137 333 quos
1173 264 1426 318 addimus
1460 263 1581 333 ipsi,
1897 278 1971 319 465

250 359 352 412 pro
389 343 517 396 visis
553 346 616 396 ut
652 342 762 395 siut
798 357 939 410 quae
975 357 1082 394 non
1119 344 1248 394 sunt
1284 340 1517 394 sensibu'
1555 341 1684 395 visa.

249 437 375 473 nam
410 419 485 472 nil
522 417 739 486 aegrius
774 421 862 472 est
898 434 1061 487 quam
1097 434 1188 471 res
1224 433 1506 471 secernere
1543 423 1764 487 apertas

249 496 319 550 ab
356 494 551 563 dubiis,
587 494 800 548 animus
836 512 973 562 quas
1007 494 1078 549 ab
1114 511 1175 548 se
1209 495 1460 564 protinus
1496 495 1668 549 addit.

318 571 571 640 Denique
604 571 687 624 nil
718 572 842 625 sciri
878 571 1050 641 siquis
1084 574 1263 640 putat,
1299 570 1358 624 id
1394 587 1613 641 quoque
1648 571 1823 626 nescit

249 666 318 702 an
356 647 482 702 sciri
514 648 704 717 possit,
744 649 1001 717 quoniam
1040 647 1117 701 nil
1154 648 1292 702 scire
1327 648 1550 703 fatetur.
1897 661 1971 702 470

248 725 391 778 hunc
424 724 595 792 igitur
630 728 825 779 contra
860 725 1078 779 mittam
1116 722 1449 779 contendere
1485 740 1719 791 causam,

249 801 342 869 qui
379 800 558 868 capite
593 801 712 870 ipse
748 818 846 854 sua
880 801 936 854 in
971 800 1172 856 statuit
1207 801 1438 869 vestigia
1472 818 1608 855 sese.

173 927 180 935 .
247 880 305 930 et
341 880 527 931 tamen
562 876 664 931 hoc
700 894 917 947 quoque
953 878 1034 932 uti
1072 877 1369 932 concedam
1404 877 1561 946 scire,
1593 880 1654 931 at
1687 876 1748 931 id
1789 877 1968 946 ipsum

247 970 521 1023 quaeram,
557 970 678 1007 cum
713 955 770 1007 in
808 954 972 1008 rebus
1010 954 1128 1009 veri
1163 954 1239 1007 nil
1275 954 1480 1008 viderit
1516 958 1660 1020 ante,

246 1030 393 1084 unde
429 1031 566 1084 sciat
602 1031 737 1099 quid
774 1032 847 1085 sit
883 1031 1021 1085 scire
1057 1034 1117 1085 et
1152 1030 1364 1084 nescire
1399 1030 1651 1098 vicissim,
1896 1044 1970 1085 475

247 1108 500 1161 notitiam
535 1108 651 1161 veri
689 1124 829 1176 quae
865 1125 956 1161 res
990 1107 1224 1175 falsique
1259 1108 1460 1162 crearit

247 1188 306 1239 et
342 1184 569 1238 dubium
606 1190 757 1238 certo
794 1201 934 1252 quae
971 1201 1061 1238 res
1099 1183 1322 1238 differre
1357 1183 1624 1253 probarit.

246 1261 487 1314 invenies
522 1261 711 1329 primis
748 1260 817 1314 ab
855 1260 1106 1314 sensibus
1145 1277 1264 1314 esse
1299 1263 1540 1315 creatam

231 1336 499 1391 'notitiem
536 1338 650 1390 veri
688 1354 865 1406 neque
902 1354 1092 1391 sensus
1128 1353 1290 1406 posse
1324 1336 1515 1390 refelli.

246 1430 372 1466 nam
408 1413 612 1466 maiore
649 1413 759 1465 fide
796 1413 965 1466 debet
1001 1412 1294 1482 reperirier
1328 1411 1478 1479 illud,
1894 1426 1970 1467 480

245 1492 441 1557 sponte
477 1505 575 1542 sua
608 1488 752 1542 veris
790 1488 938 1555 quod
972 1489 1149 1556 possit
1184 1489 1400 1542 vincere
1436 1488 1586 1542 falsa.

247 1564 382 1634 quid
417 1565 621 1619 maiore
656 1563 768 1617 fide
803 1581 965 1632 porro
1003 1581 1168 1634 quam
1205 1580 1395 1618 sensus
1430 1565 1622 1619 haberi

246 1640 448 1696 debet?
483 1657 553 1694 an
590 1640 661 1695 ab
697 1657 859 1694 sensu
895 1640 1032 1695 falso
1067 1642 1209 1695 ratio
1245 1644 1368 1695 orta
1402 1637 1608 1695 valebit

246 1718 428 1772 dicere
464 1734 555 1772 eos
590 1720 795 1784 contra,
833 1733 973 1785 quae
1009 1719 1130 1771 tota
1164 1717 1234 1772 ab
1273 1717 1522 1772 sensibus
1558 1721 1680 1773 orta
1714 1719 1833 1772 est?

247 1794 340 1862 qui
377 1794 482 1848 nisi
519 1798 649 1849 sunt
681 1794 811 1862 veri,
848 1794 992 1848 ratio
1030 1811 1250 1864 quoque
1284 1795 1421 1849 falsa
1455 1796 1521 1849 fit
1556 1794 1746 1848 omnis.
1892 1809 1967 1848 485

245 1887 315 1924 an
350 1874 614 1940 poterunt
650 1870 832 1924 oculos
868 1887 1029 1926 aures
1064 1871 1485 1940 reprehendere,
1523 1888 1591 1925 an
1629 1887 1790 1924 aures

245 1949 461 2002 tactus?
498 1964 568 2000 an
604 1947 747 2001 hunc
783 1964 945 2016 porro
981 1951 1191 2002 tactum
1229 1965 1391 2017 sapor
1425 1951 1622 2016 arguet
1655 1948 1780 2023 oris,

247 2039 316 2076 an
351 2023 712 2078 confutabunt
747 2040 909 2078 nares
944 2025 1152 2079 oculive
1189 2026 1498 2079 revincent?

248 2116 374 2166 non,
410 2103 475 2153 ut
511 2100 717 2169 opinor,
755 2100 837 2154 ita
871 2105 971 2155 est.
1009 2117 1134 2154 nam
1173 2117 1418 2154 seorsum
1454 2102 1651 2168 cuique
1686 2103 1933 2169 potestas

248 2177 492 2242 divisast,
528 2192 626 2228 sua
661 2176 742 2228 vis
778 2177 1043 2244 cuiquest,
1081 2177 1318 2244 ideoque
1353 2192 1575 2230 necesse
1610 2184 1697 2228 est
1893 2191 1965 2231 400

247 2256 306 2307 et
341 2251 491 2321 quod
526 2251 690 2305 molle
727 2250 801 2304 sit
836 2255 896 2305 et
929 2251 1173 2318 gelidum
1208 2252 1492 2305 fervensve
1525 2267 1779 2306 seorsum

248 2332 307 2382 et
342 2344 583 2380 seorsum
611 2326 800 2379 'varios
835 2342 1020 2380 rerum
1058 2328 1264 2382 sentire
1299 2327 1505 2382 colores

248 2408 308 2459 et
343 2419 717 2473 quaecumque
753 2401 1010 2456 coloribu’
1047 2403 1160 2458 sint
1193 2404 1480 2459 coniuncta
1515 2405 1719 2460 videre.

249 2496 465 2534 seorsus
501 2479 635 2534 item
673 2496 833 2549 sapor
869 2478 978 2532 oris
1014 2479 1186 2535 habet
1220 2480 1345 2549 vim,
1382 2497 1596 2536 seorsus
1631 2481 1829 2538 odores

249 2560 557 2627 nascuntur,
594 2575 805 2613 sorsum
842 2556 1067 2613 sonitus.
1102 2559 1340 2630 ideoque
1372 2576 1593 2615 necesse
1630 2564 1717 2615 est
1892 2574 1966 2614 496

247 2651 358 2689 non
391 2635 604 2703 possint
636 2634 769 2689 alios
805 2635 895 2688 alii
931 2636 1251 2690 convincere
1285 2654 1492 2693 sensus.

248 2728 351 2765 nec
383 2728 546 2780 porro
582 2717 843 2782 poterunt
878 2712 981 2780 ipsi
1019 2713 1424 2781 reprehendere
1459 2731 1595 2782 sese,

250 2803 426 2855 aequa
461 2788 600 2843 fides
637 2791 893 2859 quoniam
930 2789 1156 2845 debebit
1192 2807 1410 2860 semper
1443 2790 1649 2844 haberi.

251 2862 481 2929 proinde
517 2866 666 2932 quod
695 2868 751 2920 in
786 2871 1057 2936 quoquest
1084 2866 1170 2920 his
1198 2867 1374 2921 visum
1408 2870 1672 2934 tempore,
1704 2868 1961 2920 verumst.

252 2941 312 2989 et
347 2936 394 2988 si
428 2954 535 2990 non
569 2944 776 3007 poterit
811 2944 954 2998 ratio
990 2944 1287 2998 dissolvere
1322 2959 1554 3008 eausam,
1892 2955 1963 2994 500

253 3027 350 3064 cur
383 3027 450 3064 ea
484 3029 624 3081 quae
656 3017 861 3073 fuerint
896 3021 1094 3074 iuxtim
1131 3020 1416 3088 quadrata,
1453 3015 1640 3086 procul
1677 3015 1791 3071 sint

251 3086 370 3138 visa
402 3089 654 3156 rutunda,
689 3096 874 3148 tamen
909 3100 1159 3163 praestat
1193 3095 1420 3149 rationis
1453 3095 1710 3161 egentem

255 3160 492 3218 reddere
526 3165 787 3223 mendose
822 3183 1012 3226 causas
1045 3171 1339 3242 utriusque
1373 3169 1597 3241 figurae,
