2259 3442
262 90 374 146 166
1054 91 1154 148 VI

254 192 467 247 fervida
501 194 568 247 fit
600 195 758 263 glans
793 196 851 247 in
886 212 1066 262 eursu,
1099 213 1222 249 cum
1259 196 1436 250 multa
1469 198 1668 265 rigoris

255 286 484 338 corpora
519 270 805 324 dimittens
839 272 1021 339 ignem
1054 273 1305 343 concepit
1337 274 1395 326 in
1410 274 1591 328 auris.

257 346 322 400 fit
356 362 574 416 quoque
608 349 672 401 ut
709 346 879 416 ipsius
913 348 1108 416 plagae
1142 348 1225 402 vis
1261 350 1468 404 excitet
1502 350 1697 421 ignem,

252 422 453 489 frigida
486 439 609 477 cum
645 424 795 477 venti
830 424 1043 493 pepulit
1075 425 1160 478 vis
1192 425 1358 478 missa
1391 427 1508 481 sine
1540 427 1670 495 igni,
1880 445 1996 486 ,310

253 499 506 552 nimirum
541 502 690 568 quia,
722 516 843 553 cum
879 501 1118 554 vementi
1156 502 1389 570 perculit
1423 503 1556 570 ictu,

252 575 525 630 confluere
559 593 630 631 ox
662 579 785 646 ipso
819 580 1051 645 possunt
1085 578 1358 631 elementa
1393 580 1608 646 vaporis

252 655 311 706 et
345 652 505 706 simul
541 668 612 707 ex
646 653 741 706 illa
776 669 918 721 quae
952 657 1073 707 tum
1108 670 1199 707 res
1234 654 1441 723 excipit
1473 654 1673 721 ictum3

250 732 327 794 ut,
361 728 601 797 lapidem
633 730 782 784 ferro
817 746 942 783 cum
977 729 1272 798 caedimus,
1308 730 1488 784 evolat
1525 731 1683 799 ignis,

251 821 367 871 nec,
399 804 549 874 quod
583 804 787 874 frigida
822 806 905 858 vis
939 805 1144 874 ferrist,
1180 806 1283 860 hoc
1321 807 1497 861 setius
1529 808 1610 861 illi
1889 824 1976 864 315

250 881 456 935 semina
489 885 822 936 concurrunt
856 882 1020 936 calidi
1054 883 1284 950 fulgoris
1318 883 1392 937 ad
1424 884 1610 938 ictum.

250 957 326 1011 sic
360 957 527 1026 igitur
562 975 780 1028 quoque
814 975 907 1012 res
943 959 1170 1013 accendi
1204 959 1433 1014 fuhnine
1466 960 1648 1026 debet,

251 1037 559 1103 opportuna
592 1036 698 1088 fuit
734 1035 780 1088 si
815 1035 960 1089 forte
995 1038 1053 1089 et
1087 1034 1287 1089 idonea
1320 1035 1567 1091 flammis.

251 1126 351 1164 nec
386 1114 598 1165 temere
634 1111 852 1165 omnino
886 1111 1048 1180 plane
1083 1111 1167 1164 vis
1203 1111 1403 1179 frigida
1436 1112 1587 1166 venti

251 1203 371 1240 csse
405 1190 607 1257 potest,
642 1204 711 1241 ea
744 1204 886 1255 quae
919 1190 1077 1241 tanta
1110 1188 1166 1241 vi
1201 1189 1369 1242 missa
1404 1192 1710 1257 supernest,
1887 1204 1964 1243 32⁰

250 1263 397 1332 quin,
432 1264 587 1333 prius
622 1265 679 1318 in
714 1281 879 1318 cursu
913 1264 959 1317 si
993 1280 1102 1317 non
1138 1264 1457 1318 accenditur
1491 1264 1622 1333 igni,

248 1342 308 1391 ut
343 1339 619 1407 tepefacta
654 1344 839 1395 tamen
874 1340 1058 1393 veniat
1097 1340 1392 1394 commixta
1427 1340 1619 1394 calore.

319 1414 598 1469 Mobilitas
634 1418 820 1470 autem
856 1416 922 1470 fit
956 1416 1197 1469 fulminis
1232 1419 1292 1469 et
1325 1416 1508 1484 gravis
1543 1416 1700 1483 ictus,

250 1494 310 1544 ct
345 1491 509 1545 celeri
544 1492 718 1545 ferme
753 1495 1081 1560 percurrunt
1117 1493 1342 1546 fulmina
1378 1493 1549 1561 lapsu,
1682 1490 1687 1496 ’

250 1566 486 1621 nubibus
521 1567 641 1637 ipsa
674 1567 825 1635 quod
860 1569 1075 1621 omnino
1110 1570 1264 1637 prius
1297 1570 1467 1623 incita
1501 1586 1561 1623 se
1595 1571 1678 1623 vis
1882 1585 1960 1623 325

247 1644 454 1713 colligit
490 1647 547 1698 et
583 1661 841 1713 magnum
877 1661 1138 1699 conamen
1173 1646 1344 1700 sumit
1377 1647 1558 1715 eundi,

248 1720 376 1775 inde
411 1720 504 1775 ubi
540 1737 647 1774 non
682 1722 865 1790 potuit
900 1721 1072 1775 nubes
1108 1738 1307 1791 capere
1342 1724 1544 1791 inpetis
1578 1730 1814 1792 auctum,

245 1797 573 1867 exprimitur
611 1797 694 1852 vis
729 1801 898 1867 atque
933 1796 1058 1851 ideo
1092 1797 1242 1852 volat
1275 1799 1483 1869 impete
1521 1799 1677 1868 miro,

245 1878 306 1928 ut
342 1874 538 1928 validis
574 1892 715 1944 quae
752 1875 823 1929 de
858 1875 1149 1929 tormentis
1182 1875 1350 1930 missa
1384 1876 1651 1930 feruntur.

245 1951 389 2004 adde
429 1951 579 2019 quod
614 1969 647 2006 e
684 1952 868 2021 parvis
902 1955 960 2005 et
994 1950 1204 2004 levibus
1239 1954 1326 2005 est
1361 1952 1663 2018 elementis,
1880 1967 1960 2006 330

244 2043 342 2081 nec
376 2027 591 2082 facilest
625 2029 725 2081 tali
760 2029 991 2081 natiuae
1028 2027 1295 2096 opsistere
1331 2028 1637 2097 quicquam.

244 2102 389 2156 inter
432 2104 577 2158 enim
614 2103 758 2171 fugit
792 2120 855 2158 ac
890 2106 1148 2173 penetrat
1182 2120 1284 2171 per
1317 2120 1444 2158 rara
1476 2105 1701 2170 viarum,

245 2195 350 2232 non
389 2179 562 2247 igitur
598 2180 788 2233 multis
823 2179 1115 2233 offensibus
1149 2179 1207 2233 in
1241 2181 1567 2235 remorando

245 2255 495 2324 haesitat,
534 2256 674 2309 hanc
711 2256 784 2309 ob
816 2273 933 2310 rem
970 2256 1135 2310 celeri
1170 2256 1321 2310 volat
1356 2258 1563 2326 impete
1598 2258 1804 2314 labens.

244 2331 461 2400 deinde,
500 2332 646 2400 quod
684 2333 904 2386 omnino
939 2337 1139 2386 natura
1172 2333 1420 2402 pondera
1455 2334 1710 2388 deorsum
1880 2352 1956 2391 335

244 2407 427 2460 omnia
463 2408 732 2475 nituntur,
767 2423 891 2460 cum
926 2408 1146 2477 plagast
1179 2408 1371 2463 addita
1405 2425 1552 2478 vero,

247 2483 523 2538 mobilitas
560 2483 872 2554 duplicatur
907 2488 966 2538 et
999 2483 1241 2553 impetus
1274 2485 1367 2538 ille
1402 2486 1689 2553 gravescit,

243 2565 305 2615 ut
340 2562 649 2616 vementius
684 2564 743 2615 et
777 2561 941 2614 citius
975 2577 1353 2629 quaecumque
1390 2566 1673 2616 morantur

242 2638 403 2693 obvia
436 2639 700 2693 discutiat
734 2637 913 2707 plagis
948 2638 1224 2705 itinerque
1259 2641 1540 2705 sequatur.

244 2716 480 2784 denique
516 2716 666 2784 quod
695 2715 854 2783 longo
890 2715 1039 2768 venit
1070 2713 1290 2781 impete,
1326 2730 1542 2768 sumere
1577 2714 1746 2767 debet
1882 2727 1957 2767 34⁰

242 2792 610 2846 mobilitatem
647 2792 814 2845 etiam
851 2795 1018 2861 atque
1055 2790 1238 2858 etiam,
1275 2806 1416 2858 quae
1451 2792 1650 2845 crescit
1684 2790 1864 2845 eundo

245 2872 303 2922 et
340 2869 550 2922 validas
585 2872 753 2936 auget
788 2869 917 2921 viris
953 2871 1011 2921 et
1046 2865 1270 2920 roborat
1304 2866 1490 2921 ictum.

244 2961 368 2997 uam
403 2945 536 2997 facit
571 2947 635 2997 ut
671 2961 813 3013 quae
849 2944 959 2998 sint
994 2943 1139 2997 illius
1175 2942 1383 2996 semina
1418 2960 1652 3011 cumque

240 3036 272 3071 e
307 3020 530 3086 regione
565 3019 745 3072 locum
782 3021 939 3087 quasi
976 3020 1033 3071 in
1069 3034 1237 3071 unum
1274 3022 1471 3071 cuncta
1505 3020 1769 3085 ferantur,

243 3093 424 3146 omnia
458 3094 733 3146 coniciens
768 3094 825 3145 in
861 3109 987 3146 eum
1024 3094 1296 3146 volventia
1331 3109 1564 3146 cursum.
1882 3110 1953 3149 315

249 3161 286 3183 ‘⁸'
360 3167 473 3219 ”en
509 3183 578 3220 ex
614 3168 734 3235 ipso
770 3169 991 3221 veniens
1025 3167 1212 3220 trahat
1246 3183 1373 3220 aere
1409 3168 1679 3235 quaedam
