2259 3442
739 432 797 486 Τ.
833 428 1188 486 LUORETI‘
1215 429 1403 486 CARI

413 601 575 676 DE
661 599 1108 676 RERUM
1195 597 1727 673 NATURA

674 799 926 847 LIBER
992 798 1443 848 SECUNDUS.

974 969 1180 994 —-§—-

210 1100 401 1165 Suave,
437 1098 575 1152 mari
609 1115 808 1167 magno
843 1098 1201 1155 turbantibus
1235 1120 1475 1172 aequora
1509 1105 1700 1171 ventis,

208 1192 240 1230 o
275 1178 427 1230 terra
459 1192 716 1244 magnum
751 1175 977 1230 alterius
1011 1181 1263 1245 spectare
1297 1180 1571 1246 laborem3

207 1269 315 1304 non
352 1252 481 1320 quia
516 1251 701 1304 vexari
739 1261 1124 1319 quemquamst
1159 1256 1395 1311 iucunda
1428 1258 1693 1326 voluptaS,

208 1328 308 1381 sed
344 1327 542 1395 quibus
575 1329 694 1395 ipse
729 1327 885 1379 malis
919 1345 1103 1381 careas
1142 1333 1273 1401 quia
1306 1351 1527 1387 cernere
1563 1350 1724 1387 suave
1762 1337 1866 1387 est.

161 1418 184 1449 ⁶
209 1422 374 1458 suave
408 1403 572 1457 etiam
609 1402 739 1455 belli
775 1405 1076 1458 certamina
1109 1424 1307 1475 magna
1342 1410 1485 1463 tueri

208 1498 309 1549 per
342 1497 560 1547 campos
591 1480 863 1532 instructa
896 1483 993 1532 tua
1030 1482 1149 1535 sine
1185 1488 1344 1552 parte
1379 1486 1582 1553 pericli.

208 1557 306 1611 sed
340 1557 417 1610 nil
453 1556 664 1609 dulcius
699 1559 798 1623 est,
835 1556 977 1609 bene
1014 1575 1179 1626 quam
1215 1562 1426 1614 munita
1458 1566 1649 1616 tenere

207 1635 359 1688 edita
393 1633 641 1687 doctrina
677 1632 982 1701 sapientum
1018 1635 1227 1702 templa
1261 1654 1464 1706 serena,

208 1710 490 1778 despicere
523 1709 672 1763 unde
707 1725 878 1778 queas
915 1710 1049 1763 alios
1085 1713 1398 1783 passimque
1431 1716 1622 1769 videre

208 1803 394 1840 errare
430 1790 598 1858 atque
632 1785 777 1839 viam
813 1787 1050 1856 palantis
1089 1805 1355 1856 quaerere
1390 1792 1557 1860 vitae,

206 1865 418 1918 certare
451 1864 683 1931 ingenio,
722 1864 1051 1917 contendere
1087 1865 1389 1935 nobilitate,

205 1943 393 1994 noctes
428 1944 595 2009 atque
633 1940 752 1994 dies
787 1940 889 1993 niti
928 1945 1247 2011 praestante
1283 1944 1470 1999 labore

206 2015 279 2069 ad
313 2033 552 2071 summas
586 2035 868 2087 emergere
904 2036 1036 2086 opes
1071 2024 1363 2086 rerumque
1398 2023 1577 2090 potiri.

206 2108 239 2144 o
273 2094 498 2147 miseras
532 2094 808 2147 hominum
844 2099 1072 2162 mentes,
1108 2111 1142 2147 o
1176 2099 1399 2162 pectora
1434 2102 1621 2150 caeca!

206 2169 458 2236 qualibus
491 2170 547 2222 in
583 2169 827 2222 tenebris
863 2170 1009 2222 vitae
1046 2170 1376 2237 quantisque
1410 2172 1627 2238 periclis

207 2243 428 2311 degitur
460 2244 562 2298 hoc
597 2245 715 2297 aevi
754 2244 1220 2312 quodcumqucst!
1259 2261 1436 2298 nonne
1470 2246 1660 2299 videre

206 2319 283 2371 nil
318 2319 468 2371 aliud
503 2320 606 2371 sibi
643 2323 897 2372 naturam
935 2318 1154 2384 latrare,
1193 2319 1298 2372 nisi
1333 2324 1411 2388 ut,
1446 2321 1534 2374 cui

205 2410 431 2463 corpore
466 2394 742 2448 seiunctus
778 2394 932 2448 dolor
968 2395 1128 2460 absit,
1167 2399 1351 2450 mente
1385 2396 1603 2450 fruatur

92 2514 99 2523 .
204 2470 441 2524 iucundo
477 2488 638 2524 sensu
675 2488 806 2524 cura
842 2471 1068 2525 semotu’
1107 2475 1402 2541 metuque?

206 2563 336 2614 crgo
372 2565 686 2616 corpoream
722 2548 794 2601 ad
830 2552 1082 2603 naturam
1119 2566 1292 2619 pauca
1328 2550 1577 2604 videmus

205 2639 326 2677 csse
362 2642 500 2695 opus
535 2627 765 2695 omnino,
806 2644 950 2697 quae
986 2626 1212 2680 demant
1246 2643 1480 2694 cumque
1516 2627 1802 2695 dolorem,-

205 2698 427 2755 delicias
462 2722 682 2774 quoque
717 2704 801 2759 uti
838 2704 1038 2758 multas
1076 2703 1425 2758 substernere
1459 2704 1684 2773 possint.

201 2777 411 2840 gratius
445 2780 724 2836 interdum
742 2788 939 2850 (neque
975 2784 1174 2835 natura
1209 2782 1329 2850 ipsa
1362 2781 1639 2909 requirit&

204 2851 249 2903 si
278 2869 387 2907 non
424 2872 590 2910 aurea
625 2862 753 2912 sunt
788 2860 1044 2912 iuvenum
1082 2859 1367 2912 simulacra
1400 2875 1502 2926 per
1535 2873 1569 2909 a
1640 2873 1701 2909 es
1733 2855 1778 2897 ‘³4

202 2927 482 2999 lampadas
517 2933 776 2999 igniferas
811 2933 1060 2987 manibus
1089 2934 1386 2988 retinentia
1422 2933 1649 3000 dextriS,

202 3004 408 3061 lumina
443 3010 722 3062 nocturnis
757 3010 930 3077 epulis
966 3013 1029 3062 ut
1065 3011 1499 3078 suppeditentur,

160 3092 167 3101 ’
202 3098 304 3137 nec
340 3085 533 3138 domus
567 3088 795 3153 argento
829 3084 1007 3151 fulget
1041 3102 1283 3153 auroque
1318 3083 1538 3138 renidet

166 3150 173 3163 ⁸
280 3175 303 3192 ²
338 3161 581 3215 citharae
614 3160 848 3214 reboant
883 3159 1141 3227 laqueata
1175 3164 1477 3229 aurataque
1515 3162 1679 3227 tecta,

384 3316 487 3387 γ’*
594 3338 619 3357 Γ

1888 1424 1915 1463 5

1867 1805 1918 1845 10

1866 2187 1916 2225 15
