<?xml version="1.0" encoding="UTF-8"?>
<!DOCTYPE html PUBLIC "-//W3C//DTD XHTML 1.0 Transitional//EN"
    "http://www.w3.org/TR/xhtml1/DTD/xhtml1-transitional.dtd">
<html xmlns="http://www.w3.org/1999/xhtml" xml:lang="en" lang="en">
 <head>
  <title>
</title>
<meta http-equiv="Content-Type" content="text/html;charset=utf-8" />
  <meta name='ocr-system' content='tesseract 3.04.00' />
  <meta name='ocr-capabilities' content='ocr_page ocr_carea ocr_par ocr_line ocrx_word'/>
</head>
<body>
  <div class='ocr_page' id='page_1' title='image "./tlucreticarider03unkngoog_0064.png"; bbox 0 0 2259 3442; ppageno 0'>
   <div class='ocr_carea' id='block_1_1' title="bbox 250 76 1127 134">
    <p class='ocr_par' dir='ltr' id='par_1_1' title="bbox 250 76 1127 134">
     <span class='ocr_line' id='line_1_1' title="bbox 250 76 1127 134; baseline -0.005 0"><span class='ocrx_word' id='word_1_1' title='bbox 250 77 324 134; x_wconf 88' lang='grc'>18</span> <span class='ocrx_word' id='word_1_2' title='bbox 1094 76 1127 130; x_wconf 92' lang='grc' dir='ltr'>Ι</span> 
     </span>
    </p>
   </div>
   <div class='ocr_carea' id='block_1_2' title="bbox 207 175 1959 3221">
    <p class='ocr_par' dir='ltr' id='par_1_2' title="bbox 244 175 1720 309">
     <span class='ocr_line' id='line_1_2' title="bbox 244 175 1720 245; baseline -0.002 -13"><span class='ocrx_word' id='word_1_3' title='bbox 244 176 454 232; x_wconf 86' lang='lat' dir='ltr'>seilicet</span> <span class='ocrx_word' id='word_1_4' title='bbox 487 191 559 231; x_wconf 85' lang='lat' dir='ltr'>ex</span> <span class='ocrx_word' id='word_1_5' title='bbox 592 175 742 230; x_wconf 85' lang='lat' dir='ltr'>nulla</span> <span class='ocrx_word' id='word_1_6' title='bbox 775 176 956 231; x_wconf 81' lang='lat' dir='ltr'>facere</span> <span class='ocrx_word' id='word_1_7' title='bbox 990 176 1051 229; x_wconf 91' lang='lat' dir='ltr'>id</span> <span class='ocrx_word' id='word_1_8' title='bbox 1086 176 1134 230; x_wconf 91' lang='lat' dir='ltr'>si</span> <span class='ocrx_word' id='word_1_9' title='bbox 1168 178 1328 245; x_wconf 89' lang='lat' dir='ltr'>parte</span> <span class='ocrx_word' id='word_1_10' title='bbox 1363 180 1720 244; x_wconf 57' lang='lat' dir='ltr'>reparcents-</span> 
     </span>
     <span class='ocr_line' id='line_1_3' title="bbox 244 248 1545 309; baseline -0.002 -1"><span class='ocrx_word' id='word_1_11' title='bbox 244 248 459 309; x_wconf 83' lang='lat' dir='ltr'>occidet</span> <span class='ocrx_word' id='word_1_12' title='bbox 492 252 566 307; x_wconf 86' lang='lat' dir='ltr'>ad</span> <span class='ocrx_word' id='word_1_13' title='bbox 599 252 769 306; x_wconf 90' lang='lat' dir='ltr'>nilum</span> <span class='ocrx_word' id='word_1_14' title='bbox 803 251 1059 306; x_wconf 88' lang='lat' dir='ltr'>nimirum</span> <span class='ocrx_word' id='word_1_15' title='bbox 1095 253 1343 308; x_wconf 88' lang='lat' dir='ltr'>funditus</span> <span class='ocrx_word' id='word_1_16' title='bbox 1378 252 1545 306; x_wconf 88' lang='lat' dir='ltr'>ardor</span> 
     </span>
    </p>

    <p class='ocr_par' dir='ltr' id='par_1_3' title="bbox 241 329 1959 551">
     <span class='ocr_line' id='line_1_4' title="bbox 243 329 1958 399; baseline -0.002 -14"><span class='ocrx_word' id='word_1_17' title='bbox 243 330 418 385; x_wconf 91' lang='lat' dir='ltr'>omnis</span> <span class='ocrx_word' id='word_1_18' title='bbox 453 332 512 384; x_wconf 87' lang='lat' dir='ltr'>et</span> <span class='ocrx_word' id='word_1_19' title='bbox 546 346 575 383; x_wconf 79' lang='lat' dir='ltr'>e</span> <span class='ocrx_word' id='word_1_20' title='bbox 608 329 718 383; x_wconf 89' lang='lat' dir='ltr'>nilo</span> <span class='ocrx_word' id='word_1_21' title='bbox 754 329 891 384; x_wconf 88' lang='lat' dir='ltr'>fient</span> <span class='ocrx_word' id='word_1_22' title='bbox 926 341 1303 399; x_wconf 86' lang='lat' dir='ltr'>quaecumque</span> <span class='ocrx_word' id='word_1_23' title='bbox 1338 333 1607 384; x_wconf 75' lang='lat' dir='ltr'><strong>creantur.</strong></span> <span class='ocrx_word' id='word_1_24' title='bbox 1951 374 1958 381; x_wconf 94' lang='lat'><strong><em>.</em></strong></span> 
     </span>
     <span class='ocr_line' id='line_1_5' title="bbox 243 406 1959 475; baseline 0.002 -15"><span class='ocrx_word' id='word_1_25' title='bbox 243 423 371 463; x_wconf 84' lang='lat' dir='ltr'>nam</span> <span class='ocrx_word' id='word_1_26' title='bbox 406 406 789 475; x_wconf 89' lang='lat' dir='ltr'>quodcumque</span> <span class='ocrx_word' id='word_1_27' title='bbox 825 407 938 459; x_wconf 90' lang='lat' dir='ltr'>suis</span> <span class='ocrx_word' id='word_1_28' title='bbox 973 410 1248 459; x_wconf 85' lang='lat' dir='ltr'>mutatum</span> <span class='ocrx_word' id='word_1_29' title='bbox 1284 406 1482 460; x_wconf 86' lang='lat' dir='ltr'>finibus</span> <span class='ocrx_word' id='word_1_30' title='bbox 1518 408 1652 474; x_wconf 84' lang='lat' dir='ltr'>exit,</span> <span class='ocrx_word' id='word_1_31' title='bbox 1880 421 1959 463; x_wconf 75' lang='grc' dir='ltr'>σῑσ</span> 
     </span>
     <span class='ocr_line' id='line_1_6' title="bbox 241 481 1631 551; baseline 0.001 -15"><span class='ocrx_word' id='word_1_32' title='bbox 241 483 499 536; x_wconf 91' lang='lat' dir='ltr'>continuo</span> <span class='ocrx_word' id='word_1_33' title='bbox 534 481 636 536; x_wconf 89' lang='lat' dir='ltr'>hoc</span> <span class='ocrx_word' id='word_1_34' title='bbox 671 499 817 536; x_wconf 87' lang='lat' dir='ltr'>mors</span> <span class='ocrx_word' id='word_1_35' title='bbox 853 486 939 536; x_wconf 91' lang='lat' dir='ltr'>est</span> <span class='ocrx_word' id='word_1_36' title='bbox 974 482 1119 536; x_wconf 87' lang='lat' dir='ltr'>illius</span> <span class='ocrx_word' id='word_1_37' title='bbox 1157 482 1306 551; x_wconf 87' lang='lat' dir='ltr'>quod</span> <span class='ocrx_word' id='word_1_38' title='bbox 1342 482 1449 536; x_wconf 87' lang='lat' dir='ltr'>suit</span> <span class='ocrx_word' id='word_1_39' title='bbox 1482 486 1631 538; x_wconf 89' lang='lat' dir='ltr'>ante.</span> 
     </span>
    </p>

    <p class='ocr_par' dir='ltr' id='par_1_4' title="bbox 241 558 1913 691">
     <span class='ocr_line' id='line_1_7' title="bbox 241 558 1913 631; baseline 0 -18"><span class='ocrx_word' id='word_1_40' title='bbox 241 558 471 627; x_wconf 84' lang='lat' dir='ltr'>proinde</span> <span class='ocrx_word' id='word_1_41' title='bbox 506 558 702 627; x_wconf 85' lang='lat' dir='ltr'>aliquit</span> <span class='ocrx_word' id='word_1_42' title='bbox 738 575 995 628; x_wconf 84' lang='lat' dir='ltr'>superare</span> <span class='ocrx_word' id='word_1_43' title='bbox 1031 575 1252 614; x_wconf 85' lang='lat' dir='ltr'>necesse</span> <span class='ocrx_word' id='word_1_44' title='bbox 1287 562 1373 614; x_wconf 87' lang='lat' dir='ltr'>est</span> <span class='ocrx_word' id='word_1_45' title='bbox 1408 559 1677 614; x_wconf 85' lang='lat' dir='ltr'>incolume</span> <span class='ocrx_word' id='word_1_46' title='bbox 1706 559 1850 631; x_wconf 57' lang='lat' dir='ltr'>ollis,</span> <span class='ocrx_word' id='word_1_47' title='bbox 1908 592 1913 596; x_wconf 92' lang='lat'>·</span> 
     </span>
     <span class='ocr_line' id='line_1_8' title="bbox 242 634 1664 691; baseline 0.001 -3"><span class='ocrx_word' id='word_1_48' title='bbox 242 652 312 688; x_wconf 93' lang='lat' dir='ltr'>ne</span> <span class='ocrx_word' id='word_1_49' title='bbox 347 635 452 689; x_wconf 90' lang='lat' dir='ltr'>tibi</span> <span class='ocrx_word' id='word_1_50' title='bbox 486 652 576 688; x_wconf 88' lang='lat' dir='ltr'>res</span> <span class='ocrx_word' id='word_1_51' title='bbox 612 634 844 689; x_wconf 86' lang='lat' dir='ltr'>redeant</span> <span class='ocrx_word' id='word_1_52' title='bbox 877 635 950 689; x_wconf 86' lang='lat' dir='ltr'>ad</span> <span class='ocrx_word' id='word_1_53' title='bbox 985 636 1157 689; x_wconf 85' lang='lat' dir='ltr'>uilmn</span> <span class='ocrx_word' id='word_1_54' title='bbox 1195 635 1442 691; x_wconf 80' lang='lat' dir='ltr'>funditus</span> <span class='ocrx_word' id='word_1_55' title='bbox 1477 652 1664 690; x_wconf 89' lang='lat' dir='ltr'>omnes</span> 
     </span>
    </p>

    <p class='ocr_par' dir='ltr' id='par_1_5' title="bbox 240 710 1500 781">
     <span class='ocr_line' id='line_1_9' title="bbox 240 710 1500 781; baseline 0.002 -17"><span class='ocrx_word' id='word_1_56' title='bbox 240 710 312 765; x_wconf 91' lang='lat' dir='ltr'>de</span> <span class='ocrx_word' id='word_1_57' title='bbox 351 710 570 780; x_wconf 87' lang='lat' dir='ltr'>niloque</span> <span class='ocrx_word' id='word_1_58' title='bbox 606 717 797 765; x_wconf 84' lang='lat' dir='ltr'>renata</span> <span class='ocrx_word' id='word_1_59' title='bbox 832 712 1074 779; x_wconf 80' lang='lat' dir='ltr'>vigescat</span> <span class='ocrx_word' id='word_1_60' title='bbox 1110 713 1265 781; x_wconf 86' lang='lat' dir='ltr'>copia</span> <span class='ocrx_word' id='word_1_61' title='bbox 1299 729 1500 766; x_wconf 87' lang='lat' dir='ltr'>rerum.</span> 
     </span>
    </p>

    <p class='ocr_par' dir='ltr' id='par_1_6' title="bbox 238 787 1959 1087">
     <span class='ocr_line' id='line_1_10' title="bbox 238 787 1959 858; baseline 0.002 -17"><span class='ocrx_word' id='word_1_62' title='bbox 238 803 382 841; x_wconf 89' lang='lat' dir='ltr'>nunc</span> <span class='ocrx_word' id='word_1_63' title='bbox 415 788 586 856; x_wconf 86' lang='lat' dir='ltr'>igitur</span> <span class='ocrx_word' id='word_1_64' title='bbox 620 787 875 857; x_wconf 85' lang='lat' dir='ltr'>quoniam</span> <span class='ocrx_word' id='word_1_65' title='bbox 913 788 1215 842; x_wconf 86' lang='lat' dir='ltr'>certissima</span> <span class='ocrx_word' id='word_1_66' title='bbox 1249 805 1477 857; x_wconf 87' lang='lat' dir='ltr'>corpora</span> <span class='ocrx_word' id='word_1_67' title='bbox 1510 788 1781 858; x_wconf 81' lang='lat' dir='ltr'>quaedam</span> <span class='ocrx_word' id='word_1_68' title='bbox 1882 803 1959 844; x_wconf 75' lang='lat'>675</span> 
     </span>
     <span class='ocr_line' id='line_1_11' title="bbox 241 866 1731 935; baseline 0.001 -18"><span class='ocrx_word' id='word_1_69' title='bbox 241 867 370 918; x_wconf 87' lang='lat' dir='ltr'>suut</span> <span class='ocrx_word' id='word_1_70' title='bbox 404 880 547 933; x_wconf 88' lang='lat' dir='ltr'>quae</span> <span class='ocrx_word' id='word_1_71' title='bbox 581 868 917 918; x_wconf 51' lang='lat' dir='ltr'>conservant¹</span> <span class='ocrx_word' id='word_1_72' title='bbox 939 868 1193 918; x_wconf 80' lang='lat' dir='ltr'>naturam</span> <span class='ocrx_word' id='word_1_73' title='bbox 1230 881 1446 933; x_wconf 83' lang='lat' dir='ltr'>semper</span> <span class='ocrx_word' id='word_1_74' title='bbox 1481 866 1731 935; x_wconf 86' lang='lat' dir='ltr'>eandem,</span> 
     </span>
     <span class='ocr_line' id='line_1_12' title="bbox 239 940 1819 1009; baseline 0.004 -17"><span class='ocrx_word' id='word_1_75' title='bbox 239 955 471 1008; x_wconf 89' lang='lat' dir='ltr'>quorum</span> <span class='ocrx_word' id='word_1_76' title='bbox 506 940 661 994; x_wconf 89' lang='lat' dir='ltr'>abitu</span> <span class='ocrx_word' id='word_1_77' title='bbox 695 944 793 995; x_wconf 87' lang='lat' dir='ltr'>aut</span> <span class='ocrx_word' id='word_1_78' title='bbox 827 940 984 995; x_wconf 83' lang='lat' dir='ltr'>aditu</span> <span class='ocrx_word' id='word_1_79' title='bbox 1017 946 1338 1009; x_wconf 86' lang='lat' dir='ltr'>mutatoque</span> <span class='ocrx_word' id='word_1_80' title='bbox 1374 941 1577 997; x_wconf 87' lang='lat' dir='ltr'>ordine</span> <span class='ocrx_word' id='word_1_81' title='bbox 1600 946 1819 998; x_wconf 87' lang='lat' dir='ltr'>mutant</span> 
     </span>
     <span class='ocr_line' id='line_1_13' title="bbox 240 1020 1513 1087; baseline 0.002 -18"><span class='ocrx_word' id='word_1_82' title='bbox 240 1020 492 1070; x_wconf 86' lang='lat' dir='ltr'>naturam</span> <span class='ocrx_word' id='word_1_83' title='bbox 529 1033 619 1070; x_wconf 87' lang='lat' dir='ltr'>res</span> <span class='ocrx_word' id='word_1_84' title='bbox 655 1021 715 1071; x_wconf 93' lang='lat' dir='ltr'>et</span> <span class='ocrx_word' id='word_1_85' title='bbox 750 1022 1077 1072; x_wconf 83' lang='lat' dir='ltr'>convertunt</span> <span class='ocrx_word' id='word_1_86' title='bbox 1113 1034 1342 1087; x_wconf 88' lang='lat' dir='ltr'>corpora</span> <span class='ocrx_word' id='word_1_87' title='bbox 1378 1034 1513 1085; x_wconf 87' lang='lat' dir='ltr'>sese,</span> 
     </span>
    </p>

    <p class='ocr_par' dir='ltr' id='par_1_7' title="bbox 240 1092 1716 1164">
     <span class='ocr_line' id='line_1_14' title="bbox 240 1092 1716 1164; baseline 0.002 -18"><span class='ocrx_word' id='word_1_88' title='bbox 240 1092 378 1146; x_wconf 87' lang='lat' dir='ltr'>scire</span> <span class='ocrx_word' id='word_1_89' title='bbox 413 1093 542 1148; x_wconf 92' lang='lat' dir='ltr'>licet</span> <span class='ocrx_word' id='word_1_90' title='bbox 578 1110 687 1147; x_wconf 89' lang='lat' dir='ltr'>non</span> <span class='ocrx_word' id='word_1_91' title='bbox 725 1110 846 1148; x_wconf 91' lang='lat' dir='ltr'>esse</span> <span class='ocrx_word' id='word_1_92' title='bbox 882 1094 1016 1148; x_wconf 88' lang='lat' dir='ltr'>haec</span> <span class='ocrx_word' id='word_1_93' title='bbox 1051 1094 1213 1162; x_wconf 83' lang='lat' dir='ltr'>ignea</span> <span class='ocrx_word' id='word_1_94' title='bbox 1248 1111 1478 1164; x_wconf 79' lang='lat' dir='ltr'>corpora</span> <span class='ocrx_word' id='word_1_95' title='bbox 1513 1112 1716 1149; x_wconf 88' lang='lat' dir='ltr'>rerum.</span> 
     </span>
    </p>

    <p class='ocr_par' dir='ltr' id='par_1_8' title="bbox 239 1169 1951 1317">
     <span class='ocr_line' id='line_1_15' title="bbox 242 1169 1951 1240; baseline 0.002 -18"><span class='ocrx_word' id='word_1_96' title='bbox 242 1169 314 1222; x_wconf 88' lang='lat' dir='ltr'>nil</span> <span class='ocrx_word' id='word_1_97' title='bbox 351 1170 586 1224; x_wconf 83' lang='lat' dir='ltr'>referret</span> <span class='ocrx_word' id='word_1_98' title='bbox 621 1170 765 1224; x_wconf 85' lang='lat' dir='ltr'>enim</span> <span class='ocrx_word' id='word_1_99' title='bbox 801 1170 1071 1238; x_wconf 77' lang='lat' dir='ltr'>quaedam</span> <span class='ocrx_word' id='word_1_100' title='bbox 1108 1170 1393 1238; x_wconf 89' lang='lat' dir='ltr'>decedere,</span> <span class='ocrx_word' id='word_1_101' title='bbox 1429 1171 1599 1240; x_wconf 89' lang='lat' dir='ltr'>abire,</span> <span class='ocrx_word' id='word_1_102' title='bbox 1872 1184 1951 1226; x_wconf 78' lang='lat' dir='ltr'>eso</span> 
     </span>
     <span class='ocr_line' id='line_1_16' title="bbox 239 1246 1745 1317; baseline 0.001 -19"><span class='ocrx_word' id='word_1_103' title='bbox 239 1250 407 1314; x_wconf 84' lang='lat' dir='ltr'>atque</span> <span class='ocrx_word' id='word_1_104' title='bbox 442 1246 550 1300; x_wconf 86' lang='lat' dir='ltr'>alia</span> <span class='ocrx_word' id='word_1_105' title='bbox 585 1246 845 1314; x_wconf 80' lang='lat' dir='ltr'>adtribui,</span> <span class='ocrx_word' id='word_1_106' title='bbox 880 1247 1194 1315; x_wconf 78' lang='lat' dir='ltr'>mutarique</span> <span class='ocrx_word' id='word_1_107' title='bbox 1232 1248 1424 1302; x_wconf 84' lang='lat' dir='ltr'>ordine</span> <span class='ocrx_word' id='word_1_108' title='bbox 1460 1248 1745 1317; x_wconf 78' lang='lat' dir='ltr'>quaedam,</span> 
     </span>
    </p>

    <p class='ocr_par' dir='ltr' id='par_1_9' title="bbox 238 1322 1598 1390">
     <span class='ocr_line' id='line_1_17' title="bbox 238 1322 1598 1390; baseline 0.004 -16"><span class='ocrx_word' id='word_1_109' title='bbox 238 1322 286 1374; x_wconf 79' lang='lat' dir='ltr'>si</span> <span class='ocrx_word' id='word_1_110' title='bbox 323 1328 506 1375; x_wconf 82' lang='lat' dir='ltr'>tamen</span> <span class='ocrx_word' id='word_1_111' title='bbox 543 1322 757 1376; x_wconf 84' lang='lat' dir='ltr'>ardoris</span> <span class='ocrx_word' id='word_1_112' title='bbox 792 1325 1046 1375; x_wconf 87' lang='lat' dir='ltr'>naturam</span> <span class='ocrx_word' id='word_1_113' title='bbox 1082 1331 1278 1378; x_wconf 87' lang='lat' dir='ltr'>cuncta</span> <span class='ocrx_word' id='word_1_114' title='bbox 1315 1327 1569 1379; x_wconf 84' lang='lat' dir='ltr'>tenerent</span> <span class='ocrx_word' id='word_1_115' title='bbox 1583 1344 1598 1390; x_wconf 92' lang='lat'>;</span> 
     </span>
    </p>

    <p class='ocr_par' dir='ltr' id='par_1_10' title="bbox 236 1396 1955 1693">
     <span class='ocr_line' id='line_1_18' title="bbox 237 1396 1824 1466; baseline 0.003 -18"><span class='ocrx_word' id='word_1_116' title='bbox 237 1396 378 1465; x_wconf 83' lang='lat' dir='ltr'>ignis</span> <span class='ocrx_word' id='word_1_117' title='bbox 417 1399 562 1451; x_wconf 87' lang='lat' dir='ltr'>enim</span> <span class='ocrx_word' id='word_1_118' title='bbox 595 1397 740 1450; x_wconf 87' lang='lat' dir='ltr'>foret</span> <span class='ocrx_word' id='word_1_119' title='bbox 775 1398 1099 1451; x_wconf 83' lang='lat' dir='ltr'>omnimodis</span> <span class='ocrx_word' id='word_1_120' title='bbox 1139 1399 1521 1466; x_wconf 88' lang='lat' dir='ltr'>quodcumque</span> <span class='ocrx_word' id='word_1_121' title='bbox 1555 1402 1824 1453; x_wconf 86' lang='lat' dir='ltr'>crearent.</span> 
     </span>
     <span class='ocr_line' id='line_1_19' title="bbox 236 1472 1888 1543; baseline 0.002 -18"><span class='ocrx_word' id='word_1_122' title='bbox 236 1488 439 1538; x_wconf 83' lang='lat' dir='ltr'>verum,</span> <span class='ocrx_word' id='word_1_123' title='bbox 462 1477 528 1539; x_wconf 58' lang='lat' dir='ltr'>gt</span> <span class='ocrx_word' id='word_1_124' title='bbox 551 1473 754 1540; x_wconf 85' lang='lat' dir='ltr'>opinor,</span> <span class='ocrx_word' id='word_1_125' title='bbox 776 1472 936 1527; x_wconf 83' lang='lat' dir='ltr'>itast:</span> <span class='ocrx_word' id='word_1_126' title='bbox 963 1478 1090 1526; x_wconf 91' lang='lat' dir='ltr'>sunt</span> <span class='ocrx_word' id='word_1_127' title='bbox 1115 1473 1384 1541; x_wconf 84' lang='lat' dir='ltr'>quaedam</span> <span class='ocrx_word' id='word_1_128' title='bbox 1409 1490 1635 1542; x_wconf 87' lang='lat' dir='ltr'>corpora</span> <span class='ocrx_word' id='word_1_129' title='bbox 1658 1491 1888 1543; x_wconf 88' lang='lat' dir='ltr'>quorum</span> 
     </span>
     <span class='ocr_line' id='line_1_20' title="bbox 238 1547 1955 1617; baseline 0.002 -16"><span class='ocrx_word' id='word_1_130' title='bbox 238 1563 530 1601; x_wconf 84' lang='lat' dir='ltr'>concursus</span> <span class='ocrx_word' id='word_1_131' title='bbox 565 1550 747 1601; x_wconf 86' lang='lat' dir='ltr'>motus</span> <span class='ocrx_word' id='word_1_132' title='bbox 784 1547 919 1600; x_wconf 86' lang='lat' dir='ltr'>ordo</span> <span class='ocrx_word' id='word_1_133' title='bbox 956 1547 1204 1616; x_wconf 86' lang='lat' dir='ltr'>positura</span> <span class='ocrx_word' id='word_1_134' title='bbox 1240 1549 1447 1617; x_wconf 84' lang='lat' dir='ltr'>figurae</span> <span class='ocrx_word' id='word_1_135' title='bbox 1878 1565 1955 1605; x_wconf 75' lang='lat'>085</span> 
     </span>
     <span class='ocr_line' id='line_1_21' title="bbox 241 1622 1513 1693; baseline 0.002 -16"><span class='ocrx_word' id='word_1_136' title='bbox 241 1623 482 1678; x_wconf 87' lang='lat' dir='ltr'>efficiunt</span> <span class='ocrx_word' id='word_1_137' title='bbox 517 1622 670 1691; x_wconf 68' lang='lat' dir='ltr'>ignis»,</span> <span class='ocrx_word' id='word_1_138' title='bbox 707 1629 1031 1693; x_wconf 84' lang='lat' dir='ltr'>mutatoque</span> <span class='ocrx_word' id='word_1_139' title='bbox 1068 1624 1261 1678; x_wconf 89' lang='lat' dir='ltr'>ordine</span> <span class='ocrx_word' id='word_1_140' title='bbox 1297 1628 1513 1681; x_wconf 85' lang='lat' dir='ltr'>mutant</span> 
     </span>
    </p>

    <p class='ocr_par' dir='ltr' id='par_1_11' title="bbox 238 1700 1658 1851">
     <span class='ocr_line' id='line_1_22' title="bbox 240 1700 1658 1770; baseline 0.004 -18"><span class='ocrx_word' id='word_1_141' title='bbox 240 1704 491 1753; x_wconf 84' lang='lat' dir='ltr'>naturam</span> <span class='ocrx_word' id='word_1_142' title='bbox 527 1700 707 1766; x_wconf 84' lang='lat' dir='ltr'>ne‘que</span> <span class='ocrx_word' id='word_1_143' title='bbox 745 1707 874 1753; x_wconf 88' lang='lat' dir='ltr'>sunt</span> <span class='ocrx_word' id='word_1_144' title='bbox 910 1700 1020 1768; x_wconf 87' lang='lat' dir='ltr'>igni</span> <span class='ocrx_word' id='word_1_145' title='bbox 1059 1701 1314 1767; x_wconf 72' lang='lat' dir='ltr'>simulata</span> <span class='ocrx_word' id='word_1_146' title='bbox 1346 1718 1527 1770; x_wconf 89' lang='lat' dir='ltr'>neque</span> <span class='ocrx_word' id='word_1_147' title='bbox 1562 1702 1658 1757; x_wconf 89' lang='lat' dir='ltr'>ulli</span> 
     </span>
     <span class='ocr_line' id='line_1_23' title="bbox 238 1775 1546 1851; baseline 0.003 -22"><span class='ocrx_word' id='word_1_148' title='bbox 238 1781 523 1846; x_wconf 84' lang='lat' dir='ltr'>praeterea</span> <span class='ocrx_word' id='word_1_149' title='bbox 557 1775 637 1829; x_wconf 88' lang='lat' dir='ltr'>rei</span> <span class='ocrx_word' id='word_1_150' title='bbox 673 1792 813 1845; x_wconf 87' lang='lat' dir='ltr'>quae</span> <span class='ocrx_word' id='word_1_151' title='bbox 834 1793 1077 1851; x_wconf 30' lang='lat' dir='ltr'>‘corpora</span> <span class='ocrx_word' id='word_1_152' title='bbox 1111 1777 1336 1832; x_wconf 87' lang='lat' dir='ltr'>mittere</span> <span class='ocrx_word' id='word_1_153' title='bbox 1371 1780 1546 1846; x_wconf 85' lang='lat' dir='ltr'>possit</span> 
     </span>
    </p>

    <p class='ocr_par' dir='ltr' id='par_1_12' title="bbox 238 1851 1581 1922">
     <span class='ocr_line' id='line_1_24' title="bbox 238 1851 1581 1922; baseline 0.005 -18"><span class='ocrx_word' id='word_1_154' title='bbox 238 1851 485 1906; x_wconf 83' lang='lat' dir='ltr'>sensibus</span> <span class='ocrx_word' id='word_1_155' title='bbox 518 1856 577 1906; x_wconf 91' lang='lat' dir='ltr'>et</span> <span class='ocrx_word' id='word_1_156' title='bbox 612 1856 827 1906; x_wconf 84' lang='lat' dir='ltr'>nostros</span> <span class='ocrx_word' id='word_1_157' title='bbox 863 1853 1084 1908; x_wconf 81' lang='lat' dir='ltr'>adiectu</span> <span class='ocrx_word' id='word_1_158' title='bbox 1118 1858 1347 1922; x_wconf 87' lang='lat' dir='ltr'>tangere</span> <span class='ocrx_word' id='word_1_159' title='bbox 1385 1859 1581 1911; x_wconf 76' lang='lat' dir='ltr'>tactus,</span> 
     </span>
    </p>

    <p class='ocr_par' dir='ltr' id='par_1_13' title="bbox 237 1928 1955 3067">
     <span class='ocr_line' id='line_1_25' title="bbox 309 1928 1955 2002; baseline 0.004 -21"><span class='ocrx_word' id='word_1_160' title='bbox 309 1928 504 1984; x_wconf 84' lang='lat' dir='ltr'>Dicere</span> <span class='ocrx_word' id='word_1_161' title='bbox 540 1946 703 1998; x_wconf 85' lang='lat' dir='ltr'>porro</span> <span class='ocrx_word' id='word_1_162' title='bbox 740 1930 921 1998; x_wconf 83' lang='lat' dir='ltr'>ignem</span> <span class='ocrx_word' id='word_1_163' title='bbox 958 1947 1049 1985; x_wconf 85' lang='lat' dir='ltr'>res</span> <span class='ocrx_word' id='word_1_164' title='bbox 1085 1931 1261 1985; x_wconf 87' lang='lat' dir='ltr'>omnis</span> <span class='ocrx_word' id='word_1_165' title='bbox 1295 1949 1416 1986; x_wconf 86' lang='lat' dir='ltr'>esse</span> <span class='ocrx_word' id='word_1_166' title='bbox 1452 1949 1630 2002; x_wconf 86' lang='lat' dir='ltr'>neque</span> <span class='ocrx_word' id='word_1_167' title='bbox 1664 1933 1831 1987; x_wconf 90' lang='lat' dir='ltr'>ullam</span> <span class='ocrx_word' id='word_1_168' title='bbox 1880 1947 1955 1988; x_wconf 79' lang='lat' dir='ltr'>oeo</span> 
     </span>
     <span class='ocr_line' id='line_1_26' title="bbox 240 2005 1803 2076; baseline 0.001 -17"><span class='ocrx_word' id='word_1_169' title='bbox 240 2023 352 2059; x_wconf 85' lang='lat' dir='ltr'>rem</span> <span class='ocrx_word' id='word_1_170' title='bbox 389 2022 573 2060; x_wconf 78' lang='lat' dir='ltr'>veram</span> <span class='ocrx_word' id='word_1_171' title='bbox 608 2005 665 2059; x_wconf 90' lang='lat' dir='ltr'>in</span> <span class='ocrx_word' id='word_1_172' title='bbox 699 2023 926 2060; x_wconf 86' lang='lat' dir='ltr'>numero</span> <span class='ocrx_word' id='word_1_173' title='bbox 961 2023 1148 2061; x_wconf 80' lang='lat' dir='ltr'>rerum</span> <span class='ocrx_word' id='word_1_174' title='bbox 1183 2016 1433 2062; x_wconf 87' lang='lat' dir='ltr'>constare</span> <span class='ocrx_word' id='word_1_175' title='bbox 1468 2010 1570 2063; x_wconf 84' lang='lat' dir='ltr'>nisi</span> <span class='ocrx_word' id='word_1_176' title='bbox 1606 2008 1803 2076; x_wconf 86' lang='lat' dir='ltr'>ignem,</span> 
     </span>
     <span class='ocr_line' id='line_1_27' title="bbox 239 2081 1675 2152; baseline 0.003 -18"><span class='ocrx_word' id='word_1_177' title='bbox 239 2081 387 2150; x_wconf 85' lang='lat' dir='ltr'>quod</span> <span class='ocrx_word' id='word_1_178' title='bbox 421 2082 553 2136; x_wconf 84' lang='lat' dir='ltr'>facit</span> <span class='ocrx_word' id='word_1_179' title='bbox 588 2082 676 2136; x_wconf 86' lang='lat' dir='ltr'>hic</span> <span class='ocrx_word' id='word_1_180' title='bbox 711 2082 873 2149; x_wconf 86' lang='lat' dir='ltr'>idem,</span> <span class='ocrx_word' id='word_1_181' title='bbox 909 2083 1245 2152; x_wconf 82' lang='lat' dir='ltr'>perdelirum</span> <span class='ocrx_word' id='word_1_182' title='bbox 1282 2101 1403 2139; x_wconf 89' lang='lat' dir='ltr'>esse</span> <span class='ocrx_word' id='word_1_183' title='bbox 1438 2086 1675 2140; x_wconf 81' lang='lat' dir='ltr'>videtur.</span> 
     </span>
     <span class='ocr_line' id='line_1_28' title="bbox 239 2158 1666 2229; baseline 0.003 -19"><span class='ocrx_word' id='word_1_184' title='bbox 239 2174 362 2210; x_wconf 88' lang='lat' dir='ltr'>nam</span> <span class='ocrx_word' id='word_1_185' title='bbox 398 2162 589 2211; x_wconf 89' lang='lat' dir='ltr'>contra</span> <span class='ocrx_word' id='word_1_186' title='bbox 623 2174 815 2212; x_wconf 86' lang='lat' dir='ltr'>sensns</span> <span class='ocrx_word' id='word_1_187' title='bbox 850 2158 920 2212; x_wconf 84' lang='lat' dir='ltr'>ab</span> <span class='ocrx_word' id='word_1_188' title='bbox 957 2159 1205 2213; x_wconf 86' lang='lat' dir='ltr'>sensibus</span> <span class='ocrx_word' id='word_1_189' title='bbox 1243 2159 1360 2229; x_wconf 85' lang='lat' dir='ltr'>ipse</span> <span class='ocrx_word' id='word_1_190' title='bbox 1398 2164 1666 2229; x_wconf 83' lang='lat' dir='ltr'>repugnat</span> 
     </span>
     <span class='ocr_line' id='line_1_29' title="bbox 239 2233 1718 2306; baseline 0.002 -19"><span class='ocrx_word' id='word_1_191' title='bbox 239 2239 298 2287; x_wconf 88' lang='lat' dir='ltr'>et</span> <span class='ocrx_word' id='word_1_192' title='bbox 332 2233 629 2289; x_wconf 82' lang='lat' dir='ltr'>labefactat</span> <span class='ocrx_word' id='word_1_193' title='bbox 664 2251 771 2301; x_wconf 80' lang='lat' dir='ltr'>eoS,</span> <span class='ocrx_word' id='word_1_194' title='bbox 809 2235 956 2289; x_wconf 79' lang='lat' dir='ltr'>unde</span> <span class='ocrx_word' id='word_1_195' title='bbox 994 2237 1175 2290; x_wconf 85' lang='lat' dir='ltr'>omnia</span> <span class='ocrx_word' id='word_1_196' title='bbox 1210 2236 1425 2290; x_wconf 80' lang='lat' dir='ltr'>credita</span> <span class='ocrx_word' id='word_1_197' title='bbox 1458 2237 1718 2306; x_wconf 85' lang='lat' dir='ltr'>pendent,</span> 
     </span>
     <span class='ocr_line' id='line_1_30' title="bbox 239 2309 1954 2381; baseline 0.003 -19"><span class='ocrx_word' id='word_1_198' title='bbox 239 2310 386 2363; x_wconf 87' lang='lat' dir='ltr'>unde</span> <span class='ocrx_word' id='word_1_199' title='bbox 421 2309 507 2364; x_wconf 84' lang='lat' dir='ltr'>hie</span> <span class='ocrx_word' id='word_1_200' title='bbox 542 2311 791 2379; x_wconf 85' lang='lat' dir='ltr'>cognitus</span> <span class='ocrx_word' id='word_1_201' title='bbox 827 2316 914 2364; x_wconf 91' lang='lat' dir='ltr'>est</span> <span class='ocrx_word' id='word_1_202' title='bbox 949 2313 1055 2380; x_wconf 87' lang='lat' dir='ltr'>ipsi</span> <span class='ocrx_word' id='word_1_203' title='bbox 1091 2328 1257 2381; x_wconf 87' lang='lat' dir='ltr'>quem</span> <span class='ocrx_word' id='word_1_204' title='bbox 1293 2312 1538 2366; x_wconf 88' lang='lat' dir='ltr'>nominat</span> <span class='ocrx_word' id='word_1_205' title='bbox 1571 2313 1768 2380; x_wconf 82' lang='lat' dir='ltr'>ignem.</span> <span class='ocrx_word' id='word_1_206' title='bbox 1877 2326 1954 2367; x_wconf 79' lang='lat' dir='ltr'>oe5</span> 
     </span>
     <span class='ocr_line' id='line_1_31' title="bbox 239 2385 1589 2458; baseline 0.002 -18"><span class='ocrx_word' id='word_1_207' title='bbox 239 2385 417 2441; x_wconf 83' lang='lat' dir='ltr'>credit</span> <span class='ocrx_word' id='word_1_208' title='bbox 451 2388 597 2440; x_wconf 89' lang='lat' dir='ltr'>enim</span> <span class='ocrx_word' id='word_1_209' title='bbox 634 2403 825 2440; x_wconf 87' lang='lat' dir='ltr'>sensus</span> <span class='ocrx_word' id='word_1_210' title='bbox 862 2387 1043 2456; x_wconf 83' lang='lat' dir='ltr'>ignem</span> <span class='ocrx_word' id='word_1_211' title='bbox 1080 2405 1408 2458; x_wconf 85' lang='lat' dir='ltr'>cognoscere</span> <span class='ocrx_word' id='word_1_212' title='bbox 1443 2405 1589 2455; x_wconf 85' lang='lat' dir='ltr'>vere,</span> 
     </span>
     <span class='ocr_line' id='line_1_32' title="bbox 238 2463 1696 2532; baseline 0.002 -16"><span class='ocrx_word' id='word_1_213' title='bbox 238 2467 424 2517; x_wconf 85' lang='lat' dir='ltr'>cetera</span> <span class='ocrx_word' id='word_1_214' title='bbox 459 2479 566 2517; x_wconf 86' lang='lat' dir='ltr'>nou</span> <span class='ocrx_word' id='word_1_215' title='bbox 602 2463 793 2529; x_wconf 86' lang='lat' dir='ltr'>credit,</span> <span class='ocrx_word' id='word_1_216' title='bbox 832 2480 973 2532; x_wconf 85' lang='lat' dir='ltr'>quae</span> <span class='ocrx_word' id='word_1_217' title='bbox 1009 2464 1120 2518; x_wconf 87' lang='lat' dir='ltr'>nilo</span> <span class='ocrx_word' id='word_1_218' title='bbox 1157 2465 1302 2519; x_wconf 85' lang='lat' dir='ltr'>clara</span> <span class='ocrx_word' id='word_1_219' title='bbox 1337 2465 1518 2519; x_wconf 87' lang='lat' dir='ltr'>minus</span> <span class='ocrx_word' id='word_1_220' title='bbox 1553 2467 1696 2519; x_wconf 87' lang='lat' dir='ltr'>sunt.</span> 
     </span>
     <span class='ocr_line' id='line_1_33' title="bbox 238 2538 1801 2608; baseline 0.003 -16"><span class='ocrx_word' id='word_1_221' title='bbox 238 2539 389 2608; x_wconf 81' lang='lat' dir='ltr'>quod</span> <span class='ocrx_word' id='word_1_222' title='bbox 424 2538 556 2593; x_wconf 83' lang='lat' dir='ltr'>mihi</span> <span class='ocrx_word' id='word_1_223' title='bbox 592 2556 712 2593; x_wconf 87' lang='lat' dir='ltr'>eum</span> <span class='ocrx_word' id='word_1_224' title='bbox 752 2555 948 2593; x_wconf 87' lang='lat' dir='ltr'>vanum</span> <span class='ocrx_word' id='word_1_225' title='bbox 984 2545 1116 2593; x_wconf 79' lang='lat' dir='ltr'>tum&#39;</span> <span class='ocrx_word' id='word_1_226' title='bbox 1141 2540 1376 2595; x_wconf 87' lang='lat' dir='ltr'>delirum</span> <span class='ocrx_word' id='word_1_227' title='bbox 1412 2558 1532 2596; x_wconf 85' lang='lat' dir='ltr'>esse</span> <span class='ocrx_word' id='word_1_228' title='bbox 1568 2540 1801 2596; x_wconf 82' lang='lat' dir='ltr'>videtur.</span> 
     </span>
     <span class='ocr_line' id='line_1_34' title="bbox 239 2616 1673 2686; baseline 0.001 -18"><span class='ocrx_word' id='word_1_229' title='bbox 239 2632 348 2683; x_wconf 89' lang='lat' dir='ltr'>quo</span> <span class='ocrx_word' id='word_1_230' title='bbox 382 2616 684 2669; x_wconf 87' lang='lat' dir='ltr'>referemus</span> <span class='ocrx_word' id='word_1_231' title='bbox 719 2616 898 2670; x_wconf 69' lang='lat' dir='ltr'>enim?</span> <span class='ocrx_word' id='word_1_232' title='bbox 937 2616 1072 2685; x_wconf 80' lang='lat' dir='ltr'>quid</span> <span class='ocrx_word' id='word_1_233' title='bbox 1110 2617 1266 2670; x_wconf 85' lang='lat' dir='ltr'>uobis</span> <span class='ocrx_word' id='word_1_234' title='bbox 1302 2617 1507 2672; x_wconf 89' lang='lat' dir='ltr'>certius</span> <span class='ocrx_word' id='word_1_235' title='bbox 1541 2617 1673 2686; x_wconf 85' lang='lat' dir='ltr'>ipsis</span> 
     </span>
     <span class='ocr_line' id='line_1_35' title="bbox 239 2692 1954 2770; baseline 0.003 -25"><span class='ocrx_word' id='word_1_236' title='bbox 239 2692 486 2746; x_wconf 88' lang='lat' dir='ltr'>sensibus</span> <span class='ocrx_word' id='word_1_237' title='bbox 522 2708 641 2746; x_wconf 90' lang='lat' dir='ltr'>esse</span> <span class='ocrx_word' id='word_1_238' title='bbox 677 2697 877 2762; x_wconf 84' lang='lat' dir='ltr'>potest,</span> <span class='ocrx_word' id='word_1_239' title='bbox 913 2693 1008 2761; x_wconf 91' lang='lat' dir='ltr'>qni</span> <span class='ocrx_word' id='word_1_240' title='bbox 1044 2710 1174 2748; x_wconf 81' lang='lat' dir='ltr'>vera</span> <span class='ocrx_word' id='word_1_241' title='bbox 1208 2710 1272 2747; x_wconf 86' lang='lat' dir='ltr'>ae</span> <span class='ocrx_word' id='word_1_242' title='bbox 1306 2694 1444 2747; x_wconf 80' lang='lat' dir='ltr'>falsa.</span> <span class='ocrx_word' id='word_1_243' title='bbox 1478 2693 1762 2748; x_wconf 62' lang='lat' dir='ltr'>notemus?</span> <span class='ocrx_word' id='word_1_244' title='bbox 1877 2709 1954 2770; x_wconf 70' lang='lat'>709</span> 
     </span>
     <span class='ocr_line' id='line_1_36' title="bbox 237 2768 1673 2839; baseline 0.002 -18"><span class='ocrx_word' id='word_1_245' title='bbox 237 2771 526 2836; x_wconf 85' lang='lat' dir='ltr'>praeterea</span> <span class='ocrx_word' id='word_1_246' title='bbox 562 2785 731 2838; x_wconf 88' lang='lat' dir='ltr'>quare</span> <span class='ocrx_word' id='word_1_247' title='bbox 767 2768 1055 2839; x_wconf 85' lang='lat' dir='ltr'>quisquam</span> <span class='ocrx_word' id='word_1_248' title='bbox 1093 2771 1266 2838; x_wconf 87' lang='lat' dir='ltr'>magis</span> <span class='ocrx_word' id='word_1_249' title='bbox 1302 2771 1479 2824; x_wconf 89' lang='lat' dir='ltr'>omnia</span> <span class='ocrx_word' id='word_1_250' title='bbox 1514 2768 1673 2824; x_wconf 84' lang='lat' dir='ltr'>tollat</span> 
     </span>
     <span class='ocr_line' id='line_1_37' title="bbox 238 2844 1504 2914; baseline 0.002 -17"><span class='ocrx_word' id='word_1_251' title='bbox 238 2847 298 2898; x_wconf 91' lang='lat' dir='ltr'>et</span> <span class='ocrx_word' id='word_1_252' title='bbox 331 2844 465 2898; x_wconf 81' lang='lat' dir='ltr'>velit</span> <span class='ocrx_word' id='word_1_253' title='bbox 501 2845 711 2898; x_wconf 84' lang='lat' dir='ltr'>ardoris</span> <span class='ocrx_word' id='word_1_254' title='bbox 748 2851 999 2899; x_wconf 87' lang='lat' dir='ltr'>naturam</span> <span class='ocrx_word' id='word_1_255' title='bbox 1037 2844 1284 2914; x_wconf 86' lang='lat' dir='ltr'>linquere</span> <span class='ocrx_word' id='word_1_256' title='bbox 1320 2846 1504 2914; x_wconf 85' lang='lat' dir='ltr'>solam,</span> 
     </span>
     <span class='ocr_line' id='line_1_38' title="bbox 240 2921 1933 2991; baseline 0.004 -18"><span class='ocrx_word' id='word_1_257' title='bbox 240 2936 404 2987; x_wconf 81' lang='lat' dir='ltr'>quam</span> <span class='ocrx_word' id='word_1_258' title='bbox 437 2923 606 2987; x_wconf 81' lang='lat' dir='ltr'>neget</span> <span class='ocrx_word' id='word_1_259' title='bbox 641 2937 760 2974; x_wconf 87' lang='lat' dir='ltr'>esse</span> <span class='ocrx_word' id='word_1_260' title='bbox 796 2922 951 2989; x_wconf 78' lang='lat' dir='ltr'>igniS,</span> <span class='ocrx_word' id='word_1_261' title='bbox 986 2921 1219 2990; x_wconf 73' lang='lat' dir='ltr'>quidvis</span> <span class='ocrx_word' id='word_1_262' title='bbox 1252 2925 1434 2975; x_wconf 84' lang='lat' dir='ltr'>tamen</span> <span class='ocrx_word' id='word_1_263' title='bbox 1471 2937 1591 2976; x_wconf 89' lang='lat' dir='ltr'>esse</span> <span class='ocrx_word' id='word_1_264' title='bbox 1626 2922 1933 2991; x_wconf 66' lang='lat' dir='ltr'>relinquat?</span> 
     </span>
     <span class='ocr_line' id='line_1_39' title="bbox 238 2994 1733 3067; baseline 0.003 -19"><span class='ocrx_word' id='word_1_265' title='bbox 238 3011 416 3063; x_wconf 86' lang='lat' dir='ltr'>aequa</span> <span class='ocrx_word' id='word_1_266' title='bbox 449 2994 670 3049; x_wconf 87' lang='lat' dir='ltr'>videtur</span> <span class='ocrx_word' id='word_1_267' title='bbox 706 2996 851 3049; x_wconf 90' lang='lat' dir='ltr'>enim</span> <span class='ocrx_word' id='word_1_268' title='bbox 888 2996 1168 3051; x_wconf 84' lang='lat' dir='ltr'>dementia</span> <span class='ocrx_word' id='word_1_269' title='bbox 1204 2995 1386 3051; x_wconf 89' lang='lat' dir='ltr'>dicere</span> <span class='ocrx_word' id='word_1_270' title='bbox 1422 3001 1733 3067; x_wconf 88' lang='lat' dir='ltr'>utrumque.</span> 
     </span>
    </p>

    <p class='ocr_par' dir='ltr' id='par_1_14' title="bbox 207 3071 1951 3221">
     <span class='ocr_line' id='line_1_40' title="bbox 207 3071 1951 3143; baseline 0.005 -21"><span class='ocrx_word' id='word_1_271' title='bbox 207 3072 261 3122; x_wconf 49' lang='grc' dir='ltr'>(ἃ</span> <span class='ocrx_word' id='word_1_272' title='bbox 309 3071 656 3141; x_wconf 73' lang='lat' dir='ltr'>Quapropter</span> <span class='ocrx_word' id='word_1_273' title='bbox 691 3071 786 3142; x_wconf 89' lang='lat' dir='ltr'>qui</span> <span class='ocrx_word' id='word_1_274' title='bbox 820 3073 1104 3127; x_wconf 88' lang='lat' dir='ltr'>materiem</span> <span class='ocrx_word' id='word_1_275' title='bbox 1141 3089 1325 3126; x_wconf 86' lang='lat' dir='ltr'>rerum</span> <span class='ocrx_word' id='word_1_276' title='bbox 1361 3089 1483 3129; x_wconf 79' lang='lat' dir='ltr'>esse</span> <span class='ocrx_word' id='word_1_277' title='bbox 1517 3078 1783 3143; x_wconf 85' lang='lat' dir='ltr'>putarunt</span> <span class='ocrx_word' id='word_1_278' title='bbox 1876 3088 1951 3133; x_wconf 81' lang='lat'>705</span> 
     </span>
     <span class='ocr_line' id='line_1_41' title="bbox 236 3146 1720 3221; baseline 0.005 -21"><span class='ocrx_word' id='word_1_279' title='bbox 236 3146 421 3214; x_wconf 85' lang='lat' dir='ltr'>ignem</span> <span class='ocrx_word' id='word_1_280' title='bbox 457 3150 624 3218; x_wconf 84' lang='lat' dir='ltr'>atque</span> <span class='ocrx_word' id='word_1_281' title='bbox 659 3165 728 3203; x_wconf 87' lang='lat' dir='ltr'>ex</span> <span class='ocrx_word' id='word_1_282' title='bbox 764 3148 876 3217; x_wconf 89' lang='lat' dir='ltr'>igni</span> <span class='ocrx_word' id='word_1_283' title='bbox 912 3165 1179 3203; x_wconf 83' lang='lat' dir='ltr'>summam</span> <span class='ocrx_word' id='word_1_284' title='bbox 1214 3149 1511 3206; x_wconf 87' lang='lat' dir='ltr'>consistere</span> <span class='ocrx_word' id='word_1_285' title='bbox 1545 3168 1720 3221; x_wconf 90' lang='lat' dir='ltr'>posse,</span> 
     </span>
    </p>
   </div>
  </div>
 </body>
</html>
