2259 3442
1089 119 1235 177 1111

201 212 272 297 ’μθ
288 231 470 298 ¹atque
504 226 769 296 patefecit
806 241 941 294 quas
976 228 1107 279 aute
1143 224 1437 278 obsederat
1471 239 1568 278 aer

298 313 435 371 ater,
475 303 732 357 continuo
767 317 951 354 rerum
986 301 1278 356 simulacra
1313 303 1573 354 secuntur

298 398 438 450 quae
475 379 583 433 sit-a
623 382 750 432 sunt
786 377 842 430 in
877 377 1013 446 luce,
1051 378 1436 446 lacessuntque
1470 380 1535 431 ut
1569 376 1865 435 videamus,

203 460 272 510 ‘aa
300 457 447 528 quod
485 459 679 511 contra
718 455 897 508 faeere
935 454 987 507 in
1026 454 1271 508 tenebris
1309 471 1341 508 e
1376 454 1496 508 luco
1532 455 1818 524 nequimus

297 538 591 606 propterea
613 533 766 601 ‚quia
798 531 1068 600 posterior
1108 531 1352 599 caliginis
1388 549 1483 586 aer

295 613 528 667 crassior
565 609 873 676 insequitur
912 611 1004 679 qui
1042 611 1240 662 cuncta
1274 609 1539 663 foramina.
1574 609 1816 681 complet

297 689 612 758 obsiditque
646 687 763 742 vias
801 687 1094 754 oculorum,
1129 703 1200 740 no
1238 685 1523 742 simulacra

299 767 508 836 possint
542 765 779 820 ullarum
816 781 1000 819 rerum
1036 763 1284 817 coniecta
1316 779 1550 817 movere.

299 844 707 913 quadratasque
745 840 933 912 procul
973 843 1141 895 turris
1178 856 1302 893 cum
1338 840 1611 894 cernimus
1645 812 1810 906 urbia

298 923 593 990 propterea
634 921 698 974 fit
734 919 816 972 uti
853 918 1146 972 videantur
1185 933 1347 986 saepe
1384 917 1670 1005 rutundae,

298 997 527 1064 angulus
564 1001 792 1065 optusus
828 996 956 1064 quia
992 994 1154 1062 longe
1191 993 1435 1046 cernitur
1469 995 1645 1046 omnis

298 1072 413 1125 sivo
450 1072 616 1125 etiam
657 1073 841 1141 potius
877 1087 983 1123 non
1024 1069 1270 1123 cernitur
1306 1086 1370 1122 ac
1404 1069 1552 1138 perit
1588 1069 1706 1122 eius

298 1147 460 1217 plaga
495 1164 593 1201 nec
630 1148 702 1200 ad
739 1151 952 1200 nostras
990 1147 1134 1199 acies
1176 1144 1477 1214 perlabitur
1511 1145 1668 1210 ictuS,

299 1240 428 1278 aera
461 1241 561 1293 per
599 1224 833 1292 multum
872 1224 1001 1292 quia
1039 1222 1169 1275 dum
1214 1221 1502 1275 simulacra
1520 1223 1801 1293 feruntur,
1840 1266 1845 1269 .

299 1300 446 1368 cogit
482 1287 774 1354 hebescere
811 1316 936 1353 eum
974 1298 1182 1353 crebris
1216 1288 1509 1352 offensibus
1545 1315 1653 1352 aer,

298 1375 402 1430 hoc
437 1377 529 1430 ubi
570 1377 792 1444 suffugit
829 1393 1047 1430 sensum
1085 1375 1244 1429 simul
1281 1375 1509 1443 angulus
1545 1376 1734 1445 omnis,

298 1453 365 1507 fit
398 1454 552 1522 quasi
590 1456 652 1507 ut
688 1453 760 1507 ad
797 1457 1015 1508 tornum
1054 1469 1309 1506 saxorum
1348 1456 1560 1507 structa
1595 1456 1828 1508 tuamur.

296 1546 406 1584 non
441 1537 623 1584 tamen
661 1535 724 1584 ut
761 1547 943 1605 coram
982 1546 1121 1597 quae
1158 1532 1288 1583 sunt
1322 1547 1558 1598 vereque
1595 1530 1847 1591 rutunda„

298 1607 397 1660 sed
432 1608 584 1676 quasi
623 1607 991 1661 adumbratim
1029 1605 1253 1676 paulum
1289 1606 1542 1660 simulata
1577 1607 1847 1663 videntur.

297 1683 491 1737 umbra
528 1684 745 1738 videtur
782 1683 914 1737 item
952 1683 1109 1737 nobis
1145 1684 1201 1737 in
1235 1682 1349 1736 sole
1384 1684 1587 1736 moveri
1646 1674 1653 1681 ’

298 1762 358 1813 et
393 1760 623 1828 vestigia
657 1764 844 1814 nostra
883 1760 1037 1828 sequi
1072 1764 1401 1828 gestumque
1436 1758 1673 1824 imitari3

291 1853 426 1890 aera
462 1837 505 1888 si
543 1836 722 1890 credis
758 1837 1035 1906 privatum
1072 1835 1275 1888 lumine
1310 1852 1470 1903 posse

295 1911 604 1979 indugredi,
639 1916 820 1966 motus
855 1912 1135 1965 hominum
1168 1914 1493 1978 gestumque
1528 1915 1862 1980 sequentem.

296 2003 424 2040 nam
459 1987 534 2040 nil
574 2005 692 2042 esse
728 1991 915 2058 potest
954 1986 1088 2040 aliut
1128 1987 1230 2039 nisi
1267 1984 1470 2038 lumine
1506 2003 1691 2040 cassus

296 2079 391 2116 aer
426 2062 484 2116 id
521 2064 670 2130 quod
707 2081 806 2118 nos
841 2062 1089 2116 umbram
1126 2061 1418 2132 perhibere
1455 2067 1687 2116 suemuS.

294 2139 552 2192 nimirum
589 2141 715 2209 quia
752 2144 902 2194 terra
937 2139 1069 2192 locis
1108 2155 1178 2191 ex
1214 2136 1407 2190 ordine
1442 2138 1608 2191 certis

294 2213 500 2270 lumine
537 2218 785 2286 privatur
821 2216 950 2270 solis
988 2231 1331 2284 quacumque
1367 2218 1613 2267 meantes

296 2291 573 2360 officimuS,
613 2293 858 2368 repletur
894 2293 1028 2347 item
1067 2291 1214 2361 quod
1252 2290 1507 2364 liquimus
1542 2290 1672 2358 citis,

294 2385 364 2437 p1
364 2372 590 2438 opterea
624 2370 689 2425 fit
724 2370 807 2425 uti
845 2369 1110 2438 videatur,
1147 2385 1289 2438 quae
1324 2368 1427 2421 fuit
1462 2367 1655 2421 umbra

295 2446 547 2513 corporis,
584 2463 614 2499 e
651 2448 871 2516 regione
909 2447 1103 2501 eadem
1142 2462 1242 2499 nos
1277 2462 1450 2515 usque
1487 2449 1687 2498 secuta

295 2536 512 2590 semper
547 2525 689 2576 enim
725 2541 865 2577 nova
900 2541 960 2578 se
998 2523 1274 2576 radiorum
1310 2521 1514 2575 lumina
1551 2519 1790 2573 fundunt

1925 119 2000 180 97

1936 625 2008 664 350

1934 1011 2004 1047 355

1933 1393 2006 1432 36}

1928 2153 2002 2195 370

1928 2536 1999 2574 355

292 2597 585 2667 primaque
617 2598 953 2668 dispereunt,
994 2600 1151 2670 quasi
1186 2599 1242 2653 in
1280 2598 1463 2666 ignem
1500 2598 1626 2650 lana
1661 2596 1928 2649 trahatur.

293 2678 588 2741 propte-rea
621 2675 781 2729 facile
819 2681 876 2731 et
913 2677 1179 2747 spoliatur
1214 2674 1418 2728 lumine
1454 2677 1604 2727 terra

296 2752 355 2802 et
389 2751 637 2820 repletur
671 2752 806 2807 item
845 2753 1136 2821 nigrasque
1174 2751 1277 2806 sibi
1315 2750 1488 2804 abluit
1522 2748 1759 2802 umbras,

366 2825 415 2878 N
421 2843 483 2879 ec
518 2831 703 2882 tamen
739 2829 833 2884 hic
863 2829 1047 2884 oculos
1081 2828 1197 2882 falli
1235 2827 1582 2883 concedimus
1615 2824 1801 2877 hilum.

294 2917 421 2955 nam
458 2920 799 2972 quocumque
833 2904 953 2959 loco
989 2905 1063 2959 sit
1097 2904 1192 2957 lux
1229 2908 1395 2973 atque
1429 2902 1624 2957 umbra
1657 2900 1804 2955 tueri

293 2977 511 3032 illorum
546 2986 646 3035 est.
683 2980 876 3036 eadem
903 2998 1041 3042 ⁴vero
1078 2981 1189 3035 sint
1225 2980 1430 3034 lumina
1464 2995 1651 3045 necne,

295 3053 596 3124 umbraque
633 3074 774 3128 quae
807 3059 914 3113 fuit
947 3059 1035 3113 hic
1072 3056 1267 3112 eadem
1303 3073 1445 3110 nuuc
1481 3057 1727 3110 transeat
1761 3053 1905 3120 illuc,

295 3147 366 3184 au
402 3133 585 3201 potius
620 3128 913 3204 fiat'paulo
949 3134 1098 3205 quod
1135 3133 1371 3188 diximus
1407 3137 1549 3199 ante,

296 3207 398 3262 hoc
435 3211 600 3263 animi
636 3211 856 3266 demum
892 3213 1032 3266 ratio
1069 3212 1383 3267 discernere
1420 3209 1603 3273 debet,

295 3287 349 3330 11

1925 2915 1998 2954 380
