2259 3442
1148 98 1245 155 VI
1931 95 2046 160 177

343 213 441 265 aut
474 208 532 263 in
567 224 785 279 aquam,
819 208 884 262 si*
902 207 1049 261 forte
1082 206 1235 261 lacus
1272 205 1587 261 substratus
1620 204 1895 261 Avernist.

344 286 393 340 is
427 286 578 339 locus
613 288 701 339 est
737 285 936 339 Cumas
971 288 1121 353 aput,
1158 283 1269 337 acri
1307 282 1527 351 sulpure
1561 287 1778 338 montes

344 362 555 431 oppleti
589 360 780 415 calidis
814 359 909 413 ubi
944 359 1160 413 fumant
1193 357 1438 412 fontibus
1472 359 1648 424 aucti;

345 443 433 493 est
469 442 529 492 ct
564 437 868 492 Athenaeis
901 437 959 490 in
993 434 1294 503 moenibus»,
1328 435 1469 488 arcis
1502 435 1558 487 in
1594 435 1713 504 ipso

345 516 567 580 vertice,
605 514 848 567 Palladis
883 513 956 567 ad
990 512 1261 583 templum
1297 511 1593 565 Tritonidis
1628 512 1818 578 almae,
1981 524 2056 565 751·

347 607 457 660 quo
491 606 791 659 numquam
825 589 1019 660 pennis
1055 589 1340 659 appellunt
1375 604 1603 657 corpora
1635 604 1833 642 raucae

346 666 604 735 cornices,
638 683 746 720 non
782 683 905 720 cum
941 666 1158 720 fumant
1192 665 1388 719 altaria
1423 664 1595 719 denis.

344 759 517 810 usque
551 742 691 796 adeo
724 742 961 811 fugitant
993 758 1103 796 nen
1138 741 1250 796 iras
1285 741 1525 795 Palladis
1560 741 1703 796 acris

345 818 594 888 pervigili
628 836 805 888 causa,
841 818 1070 873 Graium
1104 821 1171 872 ut
1204 819 1451 873 cecinere
1484 821 1696 887 poetae,

344 895 445 949 scd
478 900 675 951 natura
708 896 812 950 loci
846 912 951 964 ope
984 895 1182 949 sufficit
1213 895 1336 964 ipsa
1369 897 1578 963 suapte.
1980 907 2054 950 765

343 972 399 1025 in
438 973 590 1042 Syria
624 989 840 1042 quoque
874 972 1052 1026 fertur
1086 971 1223 1025 item
1257 970 1408 1024 loeus
1443 986 1565 1024 esse
1597 970 1789 1037 videri,

343 1049 712 1119 quadripedes
748 1064 968 1118 quoque
1003 1063 1112 1117 quo
1148 1047 1308 1101 simul
1341 1063 1407 1102 ac
1439 1047 1671 1114 vestigia
1703 1047 1941 1115 primum

345 1125 647 1193 intulerint,
679 1124 925 1193 graviter
959 1124 1041 1177 vis
1075 1127 1239 1192 cogat
1273 1124 1568 1179 concidere·
1592 1124 1729 1193 ipsa,

347 1201 595 1256 manibus
628 1204 693 1255 nt
728 1202 775 1255 si
810 1202 922 1255 sint
958 1201 1098 1255 divis
1131 1203 1374 1255 mactata
1409 1204 1652 1269 repente.

346 1279 526 1332 omnia
561 1295 701 1348 quae
734 1277 973 1332 naturali
1007 1278 1221 1332 ratione
1253 1280 1536 1347 geruntur,
1979 1290 2054 1332 ⁷oe

346 1359 406 1409 et
442 1355 642 1424 quibus
676 1355 861 1411 effiant
896 1354 1070 1408 causis
1105 1357 1337 1424 apparet
1372 1353 1554 1421 erig03

346 1432 509 1504 ianua
541 1447 612 1486 ne
647 1432 791 1484 forte
825 1429 911 1485 his
949 1430 1077 1485 Orci
1110 1429 1423 1499 regionibus
1460 1447 1580 1484 esse

347 1507 620 1576 credatur,
653 1511 783 1578 post
817 1507 943 1562 hinc
977 1507 1185 1561 animas
1221 1507 1557 1561 Acheruntis
1591 1507 1648 1560 in
1684 1522 1810 1561 oras

347 1583 546 1638 ducere
579 1585 726 1639 ferte
761 1585 895 1639 deos
928 1583 1105 1638 manis
1140 1584 1352 1639 inferne
1386 1601 1620 1652 reamur,

344 1660 566 1715 naribus
601 1661 844 1730 alipedes
876 1664 943 1716 ut
978 1661 1126 1715 cervi
1163 1676 1327 1730 saepe
1362 1664 1631 1731 putantur
1977 1672 2050 1715 7⁶5

348 1736 549 1791 ducere
583 1737 655 1791 de
688 1737 914 1790 latebris
950 1738 1229 1806 serpentia
1264 1738 1440 1791 saecla
1473 1738 1729 1791 ferarum.

346 1813 496 1882 quod
528 1813 718 1883 procul
753 1828 788 1866 a
819 1828 951 1867 vera
985 1829 1150 1880 quam
1186 1813 1259 1867 sit
1292 1814 1503 1867 ratione
1537 1813 1818 1882 repulsum

345 1889 599 1959 pereipe3
633 1904 760 1944 nam
796 1888 867 1941 de
901 1904 964 1942 re
997 1905 1141 1942 nunc
1173 1889 1294 1958 ipsa
1327 1889 1512 1943 dicere
1547 1905 1727 1943 eonor.

418 1966 690 2036 Principio
725 1965 828 2018 hoc
864 1965 999 2031 dice,
1034 1964 1185 2033 quod
1219 1965 1336 2019 dixi
1372 1982 1537 2035 saepe
1572 1981 1786 2033 quoque
1819 1968 1966 2035 ante,

345 2043 402 2097 in
437 2046 588 2097 terra
622 2041 881 2109 cuiusque
915 2040 1063 2095 modi
1098 2058 1281 2096 rerum
1317 2059 1439 2097 esse
1472 2043 1675 2110 figuras
1690 2063 1703 2107 ;
1975 2055 2050 2098 770

345 2120 532 2186 multa,
569 2118 690 2173 cibe
725 2134 865 2188 quae
901 2121 1042 2184 sunt,
1078 2118 1281 2187 vitalia,
1315 2119 1613 2188 multaque,
1650 2117 1869 2172 morbos

346 2196 592 2250 incutere
626 2198 686 2250 et
721 2198 956 2249 mortem
990 2211 1134 2265 quae
1167 2195 1382 2265 possint
1417 2195 1746 2249 adcelerare.

345 2277 404 2325 ct
439 2273 610 2340 magis
645 2288 766 2327 esse
801 2270 924 2325 aliis
956 2271 1090 2326 alias
1122 2271 1491 2326 animantibus
1526 2275 1685 2341 aptas

344 2366 435 2402 res
469 2348 542 2400 ad
575 2348 707 2402 vitai
741 2349 1010 2403 rationem
1044 2348 1384 2403 ostendimus
1419 2350 1549 2403 ante

343 2427 574 2494 propter
606 2424 920 2478 dissimilem
955 2427 1209 2479 naturam
1245 2425 1631 2494 dissimilisque
1974 2438 2048 2483 775

345 2505 597 2555 texturas
630 2499 775 2554 inter
810 2516 932 2555 sese
965 2503 1280 2571 primasque
1313 2502 1531 2571 figuras,

344 2577 520 2631 multa
553 2580 738 2631 meant
769 2577 987 2630 inimica
1019 2593 1121 2646 per
1155 2579 1318 2647 auris,
1353 2580 1525 2633 multa
1558 2595 1661 2648 per
1692 2579 1840 2649 ipsas

344 2654 621 2707 insinuant
653 2653 803 2707 naris
834 2652 1033 2707 infesta
1068 2657 1236 2723 atque
1270 2672 1464 2725 aspera
1499 2656 1713 2723 adactu,

344 2748 447 2785 nec
482 2732 612 2783 sunt
644 2730 818 2783 multa
850 2745 1043 2798 parum
1078 2733 1236 2785 tactu
1269 2731 1496 2786 vitanda
1527 2749 1706 2801 neque
1742 2734 1929 2813 autem

345 2810 571 2878 aspectu
605 2805 869 2875 fugienda
903 2822 1209 2876 saporeque
1243 2807 1427 2862 tristia
1461 2826 1602 2878 quae
1636 2809 1764 2863 sint.
1971 2821 2049 2864 780

415 2884 631 2939 Deinde
665 2882 854 2936 videre
887 2882 1017 2936 licet
1051 2901 1218 2952 quam
1252 2884 1457 2939 multae
1493 2886 1603 2939 sint
1637 2884 1845 2962 homini
1878 2901 1970 2941 res

345 2960 547 3016 aeriter
581 2959 783 3013 infesto
819 2974 983 3011 sensu
1017 2976 1357 3030 spurcaeque
1390 2979 1723 3031 gravesque3

345 3035 633 3091 arboribus
665 3035 905 3106 primum
940 3036 1106 3089 certis
1141 3039 1325 3104 glavis
1359 3038 1554 3091 umbra
1586 3037 1798 3094 tributa

348 3129 523 3182 usque
557 3112 713 3179 ade0,
746 3111 944 3181 capitis
977 3111 1183 3166 faciant
1217 3118 1281 3167 ut
1317 3130 1479 3184 saepe
1516 3113 1746 3183 delore-⁴3,

347 3190 521 3309 ῗὶῳιίε
555 3206 649 3243 eas
684 3192 877 3257 supter
911 3187 1078 3242 iacuit
1111 3195 1423 3258 prostratus
1458 3191 1514 3245 in
1547 3190 1746 3245 herbis,
1973 3204 2049 3249 786
