2259 3442
1067 130 1142 166 XX

349 257 452 308 690
474 266 576 320 pro
605 257 829 300 SUBITIS
860 246 1069 315 optime
1092 244 1422 314 Bernaysius
1445 244 1620 299 subiit
1642 245 1708 300 si.
1781 245 1957 302 Lach-

245 354 474 393 mannus
496 337 731 402 subiens,
754 337 814 389 et
835 350 1129 402 expressus
1150 349 1252 401 pro
1275 342 1606 387 OPPREssUS.

354 430 455 485 734
477 440 579 493 pro
603 434 874 475 CONTAGE
901 421 1279 475 Lachmannus
1300 420 1637 487 contaqibus.

354 516 452 571 736
504 510 767 565 librorum
815 521 943 562 CUM
985 506 1238 563 defendit
1284 506 1683 562 LachmannuS.
1761 507 1958 577 scripsi

248 598 401 667 quod
422 614 547 652 cum
571 596 744 651 amico
769 595 951 651 Fabri.
1022 595 1352 664 Bernaysius
1375 595 1485 649 cui.

355 688 456 742 738
502 700 604 753 pro
659 694 740 735 UT
778 695 1013 743 QUICUM
1060 683 1286 753 optime·
1316 681 1647 751 Bernaysius
1693 682 1956 749 quidum.

256 770 633 826 Lachmannus
656 786 779 824 cum
807 769 1072 823 Lambino
1095 776 1162 823 ut
1185 769 1323 824 iam.

358 860 459 914 784
483 872 585 925 pro
620 868 689 908 ΙΝ
712 867 862 908 Amo
889 854 1269 910 Lachmannus
1305 855 1463 925 salso,
1488 855 1639 924 quod
1661 871 1699 910 v
1726 860 1841 924 129,
1864 854 1960 909 ubi

252 941 342 996 hic
371 958 564 996 versus
597 941 847 1011 iteratur,
871 940 1088 1009 legitur.
1161 941 1260 995 sed
1294 941 1437 996 tales
1472 941 1875 1011 discrepantiae
1903 940 1961 995 in

254 1026 504 1082 versibus
528 1028 676 1096 apud
703 1027 1018 1082 Lucretium
1043 1027 1260 1082 iteratis
1282 1044 1392 1082 non
1414 1044 1541 1083 raro
1563 1028 1914 1083 inveniuntur

360 1116 651 1183 790-793,
677 1112 770 1182 qui
793 1113 881 1167 hic
904 1116 963 1167 et
986 1113 1042 1167 in
1066 1112 1209 1167 libro
1232 1128 1270 1167 v
1294 1113 1411 1168 sine
1435 1114 1548 1167 ulla
1569 1113 1795 1168 minima
1816 1113 1963 1168 codi-

256 1214 380 1253 cum
422 1198 794 1268 discrepantia
830 1197 1105 1267 leguntur,
1140 1199 1243 1253 nisi
1275 1199 1450 1268 fallor,
1482 1200 1728 1255 oratione
1768 1200 1965 1254 melius

256 1284 520 1339 distincta
555 1285 755 1339 sanavi.
824 1283 994 1340 verba
1017 1292 1204 1354 posset
1237 1285 1396 1339 enim
1422 1286 1600 1339 multo
1626 1286 1819 1354 prius,
1845 1286 1964 1355 qui-

257 1370 360 1423 bus
400 1370 740 1438 significatur
783 1370 798 1396 ‘
812 1386 939 1422 nam
985 1370 1087 1424 hoc
1129 1371 1278 1439 quod
1327 1371 1574 1425 dicturus
1621 1388 1741 1424 sum
1788 1371 1964 1425 multo

257 1456 483 1523 facilius,
510 1472 676 1524 quam
699 1454 838 1508 illud
861 1455 1010 1524 quod
1034 1456 1145 1510 iam
1170 1457 1301 1524 dixi,
1317 1457 1447 1511 ‘fieri
1478 1458 1694 1527 posset',
1722 1474 1756 1511 a
1777 1459 1966 1511 cetera

260 1543 506 1595 oratione
529 1541 707 1595 curvis
730 1540 889 1595 lineis
913 1543 1176 1611 separavi.
1236 1543 1321 1598 ed.
1359 1543 1506 1597 Iunt.
1542 1544 1665 1598 Hoc
1698 1543 1756 1596 si
1786 1549 1967 1611 posset

260 1630 433 1695 enim,
462 1630 641 1683 multo
675 1631 779 1683 cet.
851 1628 1233 1685 Lachmannus
1268 1631 1429 1697 Quid
1460 1632 1515 1685 si
1543 1638 1724 1700 posset
1757 1631 1964 1686 enim?

261 1717 437 1771 multo
474 1717 577 1769 cet.
647 1714 885 1785 protasis
910 1731 1044 1770 vero
1072 1716 1381 1772 sentcntiae
1404 1717 1463 1770 in
1484 1732 1617 1771 voce
1642 1722 1815 1785 parte
1847 1718 1967 1769 tan-

263 1801 390 1855 dem
416 1799 635 1854 desinit.

367 1894 463 1943 851
490 1887 615 1941 libri
640 1898 1023 1944 REPETENTIA.
1091 1888 1472 1943 Lachmannus
1500 1886 1827 1942 retinentia.

369 1982 469 2032 862
507 1993 608 2047 pro
646 1988 929 2029 MISERRST
965 1980 1095 2031 ante
1135 1975 1541 2031 Lachmannum
1584 1974 1871 2029 Turnebus
1910 1977 1970 2029 et

268 2067 341 2120 Is.
365 2064 596 2119 Vossius
619 2064 826 2119 misere
849 2064 917 2118 si.

371 2157 472 2207 868
495 2167 596 2220 pro
620 2152 881 2218 corrupto
904 2147 1170 2201 librorum
1205 2159 1493 2200 ANNULLO
1525 2158 1767 2199 ANULLO
1804 2143 1973 2199 Lach-

266 2243 509 2303 mannus‚
539 2234 795 2305 quoniam
833 2236 847 2262 ‘
861 2249 1014 2287 anne
1037 2232 1153 2286 ullo
1171 2233 1367 2299 faerit
1392 2249 1556 2302 quam
1580 2236 1731 2287 recte
1755 2231 1974 2285 dicatur

267 2323 521 2392 ignorat’,
563 2326 696 2374 ante
736 2319 849 2374 ullo
891 2318 1128 2389 scripsit.
1203 2319 1303 2374 sed
1339 2321 1577 2387 differre
1608 2318 1804 2386 suerit
1839 2317 1975 2371 mihi

268 2411 419 2464 corte
442 2423 551 2460 non
576 2405 836 2459 Latinum
860 2406 1097 2460 videtur.
1169 2405 1358 2473 itaque
1381 2405 1505 2460 isne
1527 2405 1642 2458 ullo
1667 2403 1812 2458 dedi.

375 2496 663 2547 904—908.
734 2490 820 2543 his
852 2489 1103 2544 versibus
1139 2490 1456 2558 apostrophi
1494 2490 1708 2559 signum
1743 2489 1979 2557 Bernay-

271 2581 384 2636 sius
406 2582 559 2634 recte
583 2578 851 2648 apposuit.
1230 2575 1234 2580 ’
1980 2634 1992 2655 ⁸

376 2672 477 2722 935
547 2665 674 2719 libri
700 2680 831 2719 run·
861 2679 978 2718 nm
1008 2679 1143 2719 vrrA
1170 2679 1470 2719 Ammo-m.
1507 2678 1695 2717 vocem
1725 2669 1982 2717 anteacta

272 2755 596 2825 transposui.
667 2753 1046 2809 Lachmannus
1068 2755 1203 2809 haec
1225 2757 1351 2824 post
1358 2753 1492 2819 fuit
1514 2752 1740 2807 infulsit.

379 2848 479 2897 962
547 2857 648 2911 pro
696 2855 974 2895 liei-annun
1014 2855 1226 2894 MAGms
1265 2840 1457 2909 scripsi
1496 2839 1741 2907 aqedum
1779 2838 1986 2891 huma-

274 2931 384 2985 nis.
424 2928 802 2983 Lachmannus
842 2929 1085 2996 aqedum
1124 2925 1337 2994 diqnis.
1371 2925 1701 2995 Bernaysius
1741 2925 1985 2992 agedum

271 3016 476 3085 ynatis.

385 3106 515 3155 1005
585 3116 688 3171 pro
735 3113 946 3153 omctm
992 3096 1369 3151 Lachmannus
1407 3096 1525 3150 sine
1557 3111 1723 3150 causa
1758 3095 1986 3165 victum,

278 3186 429 3256 quod
451 3202 575 3241 cum
598 3182 1060 3256 praecedentibus
1084 3179 1379 3248 coniungit.

368 3364 409 3425 l
