2259 3442
343 218 495 274 unde
529 219 763 274 animale
795 234 971 289 genus
1005 219 1314 289 generatim
1349 219 1406 274 in
1443 219 1663 274 lumina·
1680 219 1831 275 vitae
1946 237 1950 241 ·

318 295 601 362 [redducit
635 295 845 364 Venus,
877 299 981 351 aut
999 296 1344 364 ›redductum
1379 296 1612 351 daedala
1643 296 1810 351 tellus

342 371 499 426 unde.
525 372 624 426 alit
653 374 830 441 atque
864 375 1034 441 auget
1051 373 1376 441 'generatim
1410 373 1613 443 pabula
1648 373 1955 443 praebens?

341 449 491 503 unde
525 465 692 514 mare,
729 449 987 517 ingenuei
1024 449 1207 504 fontes
1243 453 1581 519 externaque
1616 449 1773 519 large
1980 465 2053 504 230

342 525 564 578 flumina
599 525 986 595 suppeditant?
1021 520 1169 579 unde
1204 526 1397 580 aether
1432 527 1615 580 sidera
1648 525 1861 595 pascit?

343 600 523 655 omnia
558 601 703 656 enim
740 601 924 668 debet,
959 602 1181 656 mortali
1216 619 1447 672 corpore
1472 606 1808 692 th’

342 678 556 732 infinita
590 680 744 732 aetas
778 693 1103 754 consumpse
1137 682 1395 733 anteacta
1430 676 1673 747 diesque.
2069 716 2104 725 2
2119 706 2143 747 ,¹³

341 755 493 824 quod
527 755 574 808 si
608 755 664 808 in
700 771 767 810 eo
802 756 979 825 spatio
1015 748 1186 824 atque
1220 758 1476 811 anteacta
1509 758 1695 811 aetate
1726 755 1883 810 sucre

341 848 373 885 e
408 832 608 901 quibus
625 831 779 935 baec
811 849 998 886 rerum
1032 833 1286 887 consistit
1322 849 1535 887 summa
1567 834 1791 899 refecta,
1983 845 2055 883 235

340 908 638 963 inmortali‘
651 912 779 964 sunt
811 913 1012 964 natura
1044 908 1300 978 praedita
1334 912 1502 975 certe,

214 985 476 1112 ’,μῦ
511 985 681 1053 igitur
712 989 942 1054 possunt
976 984 1050 1039 ad
1083 986 1256 1038 nilum
1292 1001 1543 1053 quaeque
1578 985 1798 1041 reverti.

383 1077 578 1129 emque
613 1077 704 1115 res
738 1061 914 1114 omnis
950 1060 1147 1114 eadem
1182 1061 1266 1114 vis
1300 1076 1576 1128 causaque
1610 1061 1772 1130 volgo

341 1138 649 1204 conficeret,
687 1136 791 1189 nisi
825 1136 1086 1190 materies
1122 1139 1351 1189 aeterna
1386 1138 1621 1201 teneret,

342 1212 488 1266 inter
523 1229 583 1268 se
619 1228 767 1266 nexu
800 1212 981 1265 minus
1015 1215 1113 1265 aut
1148 1211 1320 1279 magis
1357 1210 1695 1280 indupedita.
1981 1225 2055 1264 mo

344 1292 526 1342 tactus
564 1287 710 1342 enim
740 1287 844 1342 leti
879 1288 1012 1341 satis
1050 1290 1199 1342 esset
1233 1303 1399 1341 causa
1430 1287 1695 1356 profecto,

344 1364 548 1434 quippe
582 1363 679 1419 ubi
714 1364 867 1419 nulla
899 1364 1084 1418 forent
1117 1367 1342 1419 aeterno
1376 1380 1605 1434 corpore
1640 1380 1874 1434 quorum

341 1445 658 1496 contextum
696 1441 776 1495 vis
813 1440 1048 1498 deberet
1084 1440 1383 1496 dissolvere
1419 1457 1686 1510 quaeque.

340 1523 401 1572 at
434 1535 592 1586 nunc,
626 1518 773 1573 inter
809 1534 870 1573 se
903 1517 1037 1588 quia
1070 1535 1246 1573 nexus
1280 1517 1670 1588 principiorum

339 1594 632 1649 dissimiles
666 1597 920 1649 constant
953 1597 1290 1663 aeternaque
1323 1593 1583 1648 materies
1618 1597 1719 1660 cst,
1978 1598 2081 1647 216-

338 1670 595 1726 incolumi
631 1675 918 1725 remanent
952 1687 1043 1725 res
1078 1687 1323 1740 corpore,
1361 1670 1494 1723 dum
1531 1669 1666 1725 satis
1699 1671 1843 1731 acris

339 1748 422 1802 vis
457 1746 622 1801 obeat
655 1763 756 1817 pro
790 1751 1016 1801 textura
1049 1747 1314 1816 cuiusque
1349 1749 1584 1815 reperta.

339 1823 489 1877 haud
524 1823 697 1891 igitur
729 1822 880 1876 redit
915 1822 986 1875 ad
1023 1822 1195 1875 nilum
1231 1838 1321 1876 res
1356 1821 1479 1887 ulla,
1516 1821 1617 1875 sed
1650 1837 1839 1877 omnes
1949 1866 1990 1876 κ

340 1898 574 1953 discidio
607 1897 846 1951 redeunt
879 1898 936 1950 in
971 1913 1201 1965 corpora
1234 1897 1507 1961 materiai.

209 1974 620 2044 “'pbstremo
653 1976 890 2041 pereunt
922 1972 1145 2039 imbres,
1180 1972 1276 2026 ubi
1311 1989 1405 2026 eos
1438 1975 1600 2041 pater
1632 1972 1827 2027 aether
1976 1986 2049 2030 250

341 2052 397 2105 in
432 2050 699 2120 gremium
735 2049 927 2103 matris
961 2049 1135 2119 terrai
1171 2048 1585 2118 praecipitavit3

239 2176 247 2185 .
341 2133 401 2183 at
435 2126 643 2181 nitidae
679 2127 911 2194 surgunt
946 2124 1136 2194 fruges
1170 2125 1421 2193 ramique
1455 2123 1734 2179 virescunt

342 2203 640 2270 arboribus,
675 2205 931 2258 crescunt
963 2201 1118 2272 ipsae
1151 2203 1383 2271 fetuque
1416 2204 1748 2270 gravantur3

341 2281 466 2339 hinc
498 2280 666 2335 alitur
699 2294 863 2349 porro
897 2283 1146 2334 nostrum
1181 2295 1354 2348 genus
1390 2282 1558 2347 atque
1592 2276 1847 2346 ferarum,

339 2358 467 2412 hinc
500 2357 674 2411 laetas
709 2354 877 2410 urbes
910 2357 1096 2424 pueris
1130 2355 1327 2409 florere
1364 2354 1613 2409 videmus
1974 2370 2047 2409 2⁵5

337 2433 778 2502 frondiferasque
813 2433 968 2486 novis
1003 2431 1193 2486 avibus
1230 2448 1426 2486 canere
1462 2430 1707 2499 undique
1745 2429 1938 2496 silvas;

183 2524 287 2581 ως,
338 2511 465 2565 hine
500 2510 677 2563 fessae
711 2507 952 2577 pecudes
986 2508 1176 2577 pingui
1210 2525 1312 2577 per
1345 2507 1548 2576 pabula
1583 2507 1733 2560 laeta

336 2602 567 2657 corpora
600 2584 884 2653 deponunt
918 2585 977 2637 et
1011 2584 1250 2637 candens
1284 2584 1494 2639 lacteus
1528 2599 1687 2636 umor

336 2663 601 2719 uberibus
634 2662 823 2715 manat
857 2659 1147 2724 distentis3
1192 2658 1317 2714 hinc
1351 2676 1493 2713 nova
1526 2657 1710 2727 proles

335 2739 568 2809 artubus
602 2735 833 2791 infirmis
868 2739 1088 2789 teneras
1122 2734 1323 2789 lasciva
1356 2751 1459 2805 per
1492 2733 1694 2796 herbas
1974 2748 2047 2788 ιω

332 2817 477 2870 ludit
511 2816 657 2869 lacte
691 2828 845 2867 mero
879 2814 1093 2865 mentes
1127 2811 1380 2880 perculsa
1412 2810 1667 2865 novellas.

334 2893 483 2948 haud
517 2891 687 2960 igitur
712 2889 941 2958 ⁴penitus
975 2890 1211 2957 pereunt
1246 2903 1624 2956 quaecumque
1658 2887 1931 2956 videntur,

335 2969 557 3040 quando
593 2967 707 3021 alid
743 2984 812 3020 cx
849 2966 955 3019 alio
991 2964 1172 3019 reficit
1207 2968 1406 3018 natura
1438 2980 1541 3018 nec
1574 2964 1742 3018 ullam

332 3064 451 3101 rem
485 3044 636 3112 gigni
671 3030 882 3111 patitur
913 3041 1017 3094 nisi
1053 3044 1234 3095 morte
1267 3040 1460 3096 adiuta
1493 3040 1683 3094 aliena.

403 3123 454 3175 N
460 3138 564 3175 une
597 3137 715 3188 age,
755 3136 842 3173 res
877 3117 1131 3188 quoniam
1169 3117 1330 3172 docui
1365 3134 1471 3172 non
1506 3133 1668 3187 posse
1702 3115 1878 3171 creari
1969 3126 2044 3167 2⁶5
2088 3121 2114 3159 ⁸-

333 3197 406 3253 de
442 3196 551 3251 nilo
583 3211 766 3264 neque
798 3195 935 3250 item
967 3195 1184 3263 genitas
1218 3194 1293 3249 ad
1325 3195 1403 3249 nil
1437 3193 1695 3258 revocari,
