2259 3442
133 196 142 206 ·
186 202 370 257 nequa
401 187 770 243 ferte-tamen
798 187 1029 254 coeptes
1066 185 1318 241 diffidere
1353 187 1544 257 dietis,'
1641 189 1650 197 ’

190 263 343 333 quod
376 266 657 334 nequeunt
691 262 862 316 oculis
896 278 1083 316 rerum
1102 262 1421 331 ,primordia
1453 266 1620 333 cerni,

187 341 372 410 accipe
405 344 697 412 praeterea
730 355 870 407 quae
906 354 1136 407 corpora
1168 342 1292 395 tute
1325 346 1605 397 necessest

188 417 484 472 confiteare
518 432 639 471 esse
673 415 730 469 in
763 413 930 469 rebus
964 430 1066 469 nec
1100 432 1261 486 posse
1296 417 1493 472 videri.
1825 432 1904 474 πο

188 493 456 562 principio
489 492 642 547 venti
676 490 760 544 vis
794 490 1054 545 verberat
1087 491 1256 546 incita
1288 497 1485 561 pgr-tus
1535 490 1616 593 ρο
1633 494 1764 569 μα,

191 568 537 638 ingentisque
571 567 685 622 ruit
720 568 872 621 navis
908 571 968 622 et
1002 566 1191 622 nubila
1223 569 1428 637 differt,
1565 571 1853 607 &N—

191 643 472 699 iuterdum
507 644 703 713 rapido
721 660 1064 712 ,percurrens
1096 643 1322 699 turbine
1356 662 1576 716 campos

192 719 480 774 arboribus
504 720 729 788 magnis
763 720 966 774 sternit
998 720 1312 789 montisque
1348 739 1635 792 supremos

195 796 488 864 silvifragis
522 799 690 863 vexat
722 795 935 852 flabris:
982 797 1065 851 ita
1098 797 1340 866 perfurit
1370 799 1482 852 ucri
1827 805 1903 853 πε

193 888 316 926 cum
352 871 578 927 fremitu
613 871 898 941 saevitque
932 873 1130 927 minaci
1166 890 1447 929 murmure
1482 879 1690 930 ventus

193 950 322 1002 simt
355 947 529 1017 igitur
561 947 710 1002 venti
745 947 1001 1002 nimirum
1037 965 1269 1019 corpora
1298 966 1463 1005 caeca
1599 1000 1606 1003 .

194 1041 338 1094 quae
371 1041 542 1094 mare,
576 1041 719 1095 quae
752 1029 948 1094 terras,
981 1041 1127 1094 quae
1160 1026 1401 1096 denique
1433 1026 1620 1081 nubila
1653 1026 1789 1082 caeli

195 1106 423 1157 verrunt
457 1119 521 1158 ac
555 1101 739 1158 subito
773 1102 1028 1165 vexantia
1060 1102 1283 1158 turbine
1317 1106 1557 1172 raptant,

196 1194 298 1232 nec
332 1178 544 1233 ratione
579 1177 754 1233 fluunt
788 1178 898 1232 alia
929 1182 1279 1248 stragemque
1314 1182 1625 1249 propagant
1782 1203 1788 1209 ·
1829 1191 1907 1232 Β)

142 1260 261 1311 yet
293 1271 417 1308 cum
451 1254 631 1307 mollis
665 1271 842 1323 aquae
876 1254 1056 1309 fertur
1090 1258 1295 1309 natura
1327 1259 1557 1324 repente
1877 1275 1882 1278 ’

199 1329 420 1383 flumine
453 1329 770 1396 abundanti,
808 1345 973 1397 quam
1006 1330 1173 1399 largis
1208 1330 1477 1385 imbribus
1510 1335 1678 1400 auget

199 1403 474 1458 montibus
508 1421 592 1474 ex,
614 1404 743 1457 altis
778 1420 1010 1471 magnus
1042 1405 1309 1460 decursus
1344 1407 1507 1479 aquai

197 1479 467 1547 fragmina
501 1478 771 1533 coniciens
806 1479 1064 1534 silvarum
1099 1481 1433 1550 arbustaque
1468 1485 1603 1547 tota,

200 1572 301 1610 nec
333 1554 499 1608 validi
532 1558 762 1624 possunt
797 1559 993 1625 pontes
1023 1557 1293 1612 venientis
1325 1558 1487 1629 aquai
1830 1572 1908 1613 28⁵

201 1631 308 1685 vim
347 1630 582 1684 subitam
620 1630 887 1687 tolerare:
937 1631 1018 1686 ita
1051 1649 1250 1702 magno
1285 1632 1544 1689 turbidus
1577 1635 1743 1690 imbri

200 1706 432 1761 molibus
465 1704 697 1761 incurrit
733 1707 928 1762 validis
962 1725 1085 1764 cum
1120 1709 1329 1765 viribus
1361 1711 1549 1766 amnis.

203 1784 301 1838 dat
337 1783 519 1838 sonitu
550 1800 754 1853 magne
786 1788 1027 1855 stragem
1062 1785 1343 1856 volvitque
1379 1786 1482 1840 sub
1517 1787 1681 1841 undis

199 1860 432 1930 grandia
466 1877 598 1916 saxa
632 1862 848 1930 ruitque
881 1879 1028 1933 aqua
1061 1862 1333 1933 quidquid
1368 1862 1625 1918 fiuctibus
1657 1862 1855 1918 obstat

203 1938 283 1994 sie
316 1938 485 2008 igitur
520 1939 730 2007 debent
765 1941 912 1996 venti
948 1956 1169 2010 quoque
1204 1940 1422 1994 flamina
1455 1940 1605 2005 ferri,
1833 1954 1909 1993 280

205 2031 346 2084 quae
382 2015 553 2070 veluti
589 2016 830 2071 validum
864 2034 987 2071 cum
1012 2017 1227 2071 *flumen
1261 2017 1603 2086 procubuere

205 2092 509 2162 quamlibet
541 2093 598 2146 in
633 2096 866 2161 partem,
903 2093 1139 2147 trudunt
1173 2109 1264 2145 res
1296 2096 1427 2147 ante
1460 2096 1741 2160 ruuntque

205 2168 503 2237 impetibus
534 2169 757 2234 crebris
791 2168 1071 2224 interdum
1108 2166 1314 2221 vertice
1346 2169 1497 2220 torto

174 2243 505 2313 ‚corripiunt
540 2243 843 2311 rapideque
878 2242 1080 2297 rotanti
1117 2240 1341 2295 turbine
1374 2244 1613 2309 portant.

146 2306 374 2389 liquare
408 2319 573 2372 etiam
609 2323 780 2386 atque
814 2319 981 2373 etiam
1017 2320 1146 2370 sunt
1179 2316 1332 2370 venti
1366 2331 1592 2386 corpora
1625 2332 1799 2384 caeca,
1834 2330 1910 2370 295

205 2393 650 2466 quandoquidem
683 2392 844 2447 factis
881 2396 940 2447 ct
974 2392 1219 2446 moribus
1252 2392 1468 2447 aemula
1501 2393 1712 2462 magnis

206 2471 455 2527 anmibus
488 2470 854 2537 inveniuntur,
892 2471 1085 2539 aperto
1119 2484 1349 2538 corpore
1382 2469 1477 2547 qui
1491 2474 1655 2542 -⁸Qt··

205 2552 326 2604 tum
361 2565 523 2619 porro
559 2547 735 2614 varios
769 2563 954 2601 rerum
989 2545 1255 2601 sentimus
1288 2546 1488 2601 odores

206 2641 308 2680 nce
343 2630 527 2680 tamen
561 2622 636 2678 ad
670 2623 817 2677 naris
850 2623 1119 2677 venientis
1155 2623 1422 2678 cernimus
1456 2639 1734 2692 umquam,

206 2718 309 2756 nee
342 2700 546 2756 calidos
580 2703 768 2755 aestus
803 2698 1010 2753 tuimur
1045 2715 1150 2754 nec
1180 2698 1383 2767 frigmra
1417 2700 1635 2768 quimus
1838 2713 1916 2755 ³0⁰

207 2793 473 2847 usurpare
508 2775 676 2831 oculis
709 2792 811 2830 nee
844 2792 1004 2830 voces
1037 2792 1264 2831 eernere
1297 2770 1545 2840 suemus3

209 2871 351 2923 quae
372 2857 570 2907 tamen
605 2852 788 2906 omnia
821 2868 1083 2921 corporea
1117 2857 1369 2907 constare
1404 2854 1683 2907 necessest

211 2935 423 2996 natura,
460 2929 716 2998 quoniam
752 2945 943 2983 sensus
975 2928 1239 2999 inpellere
1273 2930 1516 2998 possunt.

56 3028 59 3053 ε
152 3066 165 3073 ,
212 3009 441 3075 tangere
475 3005 621 3059 euim
659 3008 720 3061 et
755 3005 921 3074 tangi,
955 3005 1061 3060 nisi
1097 3022 1310 3075 corpus,
1346 3005 1496 3058 nulla
1529 3008 1724 3087 petest
1750 3020 1855 3077 res,

213 3082 451 3153 denique
487 3081 794 3152 fluctifrago
829 3098 1127 3151 suspensae
1164 3081 1221 3135 in
1258 3080 1420 3137 litore
1455 3066 1680 3136 vestes*
1844 3097 1919 3138 30³

212 3160 491 3227 uvescunt‚
528 3158 756 3214 eaedem
791 3158 1083 3229 dispansae
1119 3159 1174 3213 in
1212 3158 1325 3237 sole
1360 3164 1657 3215 sei-escunt.
