2259 3442
1154 91 1224 147 Il
1966 92 2039 150 37

328 195 485 265 eopia
519 195 772 264 conquiri
798 195 982 263 debet,
1020 195 1231 249 concita
1265 211 1368 264 per
1402 199 1558 251 artus

327 272 503 341 omnis
538 274 602 326 ut
638 272 884 326 studium
919 273 1118 327 mentis
1157 273 1349 327 conixa
1383 278 1676 343 sequatur3

326 351 391 403 ut
425 348 613 402 videas
648 348 842 402 initum
876 352 1057 402 motus
1093 366 1127 403 a
1162 350 1328 403 corde
1362 351 1533 404 creari

327 441 397 477 ex
432 425 705 492 animique
740 423 1025 480 voluntate
1060 425 1120 479 id
1156 426 1458 494 procedere
1492 429 1748 498 primum,
1972 442 2045 484 270

325 500 457 554 inde
494 500 613 554 dari
648 517 812 569 porro
848 517 948 570 per
982 504 1163 556 totum
1200 519 1397 572 corpus
1433 507 1492 557 et
1528 509 1698 559 artus.

325 592 426 630 nec
462 576 690 630 similest
725 579 791 630 ut
828 593 952 630 cum
988 577 1209 647 impulsi
1245 579 1589 647 procedimus
1624 581 1742 636 ictu

327 652 533 706 viribus
568 651 797 706 alterius
832 654 1044 722 magnis
1081 671 1389 725 magnoque
1425 661 1633 713 coactu.

325 744 451 782 nam
487 732 607 782 tum
643 730 933 783 materiem
969 731 1142 784 totius
1180 733 1423 801 corporis
1459 750 1673 788 omnem

324 805 728 874 perspicuumst
763 806 919 860 nobis
954 806 1140 860 invitis
1176 807 1259 861 ire
1294 809 1537 878 rapique,
1963 824 2038 864 275

327 881 500 936 donec
537 899 660 936 eam
696 882 996 936 refrenavit
1031 901 1134 952 per
1168 885 1415 938 membra
1449 885 1715 939 voluntas.

324 956 504 1011 iamne
540 957 694 1012 vides
728 959 913 1026 igitur,
951 974 1281 1026 quamquam
1320 960 1399 1013 vis
1435 964 1629 1014 extera
1661 961 1866 1015 multos

324 1033 495 1102 pellat
531 1037 591 1088 et
625 1033 825 1087 invitos
862 1037 1023 1101 cogat
1057 1034 1360 1102 procedere
1396 1052 1560 1105 saepe

324 1109 767 1178 praecipitesque
802 1110 940 1178 rapi,
975 1112 1163 1163 tamen
1199 1126 1320 1164 esse
1354 1111 1409 1164 in
1444 1114 1671 1180 pectore
1705 1118 1895 1165 nostro

318 1185 582 1253 quiddam
618 1185 765 1253 quod
801 1189 993 1239 contra
1027 1202 1274 1254 pugnare
1310 1185 1640 1255 obstareque
1673 1188 1887 1257 possiti
1962 1202 2038 1241 280

324 1260 476 1314 cuius
512 1261 584 1314 ad
621 1261 907 1315 arbitrium
945 1277 1164 1331 quoque
1201 1263 1358 1331 copia
1394 1263 1644 1317 materiai

323 1336 538 1405 cogitur
572 1337 853 1390 interdum
889 1337 1036 1391 flecti
1071 1355 1174 1407 per
1209 1338 1458 1392 membra
1492 1355 1594 1408 per
1629 1342 1783 1394 artus

322 1415 382 1467 et
418 1414 664 1483 proiecta
698 1414 1012 1469 refrenatur
1045 1417 1307 1481 retroque
1343 1415 1551 1470 residit.

319 1506 487 1558 quare
522 1490 580 1543 in
617 1489 911 1544 seminibus
947 1508 1163 1560 quoque
1199 1491 1347 1546 idem
1385 1493 1592 1547 fateare
1629 1496 1922 1562 necessest,

320 1580 440 1619 esse
475 1566 638 1620 aliam
673 1570 896 1637 praeter
931 1568 1121 1638 plagas
1159 1571 1219 1621 et
1255 1568 1502 1636 pondera
1538 1585 1756 1623 causam
1959 1585 2034 1625 285

318 1643 568 1710 motibus,
606 1643 751 1696 unde
789 1643 923 1697 haee
959 1647 1048 1697 est
1083 1644 1240 1699 nobis
1276 1645 1462 1700 innata
1496 1648 1760 1715 potestas,

320 1718 390 1772 de
425 1719 533 1772 nilo
570 1720 822 1788 quoniam
859 1719 980 1772 fieri
1017 1720 1091 1772 nil
1127 1736 1289 1789 posse
1326 1721 1589 1775 videmus.
1700 1740 1729 1773 ⁶.
1767 1728 1823 1777 ε’

316 1794 531 1862 pondus
567 1795 711 1847 enim
748 1795 1006 1864 prohibet
1041 1812 1112 1848 ne
1151 1796 1327 1864 plagis
1363 1797 1544 1849 omnia
1578 1797 1715 1850 fiant

317 1874 546 1924 externa
581 1870 735 1940 quasi
769 1871 834 1923 vi.
872 1870 971 1923 secl
1007 1887 1077 1923 ne
1111 1887 1265 1923 mens
1303 1871 1421 1940 ipsa
1464 1888 1748 1925 necessum

315 1946 635 2000 intestinum
673 1944 876 1999 habeat
913 1946 1124 2000 cunctis
1160 1946 1215 1998 in
1252 1948 1418 2000 rebus
1453 1947 1680 2015 agendis
1959 1965 2033 2004 290

318 2023 377 2076 et
413 2020 627 2075 devicta
663 2022 818 2090 quasi
853 2021 955 2075 hoc
991 2026 1219 2089 cogatur
1254 2022 1402 2076 ferre
1438 2023 1681 2092 patique,

313 2098 375 2152 id
408 2098 542 2152 facit
579 2099 835 2165 exiguum
874 2098 1138 2152 clinamen
1174 2099 1565 2169 principiorum

317 2192 418 2229 nec
453 2175 673 2244 regione
709 2174 812 2229 loci
850 2178 1003 2229 certa
1038 2191 1140 2229 nec
1177 2178 1430 2245 tempore
1466 2180 1634 2230 certe.
1726 2186 1878 2270 21220

385 2252 435 2306 N
439 2268 502 2306 ec
540 2253 743 2322 stipata
777 2252 951 2321 magis
987 2225 1094 2306 fluit
1129 2269 1387 2321 umquam
1428 2252 1682 2307 materiai

315 2329 470 2399 eopia
504 2346 605 2384 nec
640 2345 803 2398 porro
839 2329 1138 2383 maioribus
1174 2329 1490 2384 intervallis.
1953 2348 2029 2387 205

313 2423 441 2459 nam
477 2422 655 2474 neque
690 2405 1010 2472 adaugescit
1045 2407 1335 2475 quicquam
1371 2424 1550 2476 neque
1587 2407 1811 2477 deperit
1843 2408 1987 2463 inde.

313 2486 648 2551 quapropter
683 2497 790 2547 quo
827 2498 968 2535 nunc
1003 2483 1061 2535 in
1098 2487 1254 2536 motu
1289 2483 1680 2553 principiorum

315 2574 543 2627 corpora
580 2558 721 2623 sunt,
757 2557 814 2609 in
853 2557 1045 2610 eodem
1083 2562 1214 2612 ante
1249 2562 1375 2612 acta
1411 2562 1595 2612 aetate
1631 2558 1787 2611 fuere

316 2639 375 2688 ct
411 2636 536 2704 post
572 2633 707 2687 hacc
746 2650 964 2702 semper
999 2634 1158 2687 simili
1198 2635 1408 2688 ratione
1443 2634 1708 2701 ferentur,

316 2714 375 2764 et
409 2727 547 2780 quae
585 2709 899 2764 consuerint
933 2710 1084 2777 gigni
1121 2712 1418 2778 gignentur
1453 2709 1645 2763 eadem
1955 2726 2029 2766 300

316 2787 637 2842 condicione
673 2790 731 2840 et
767 2789 931 2839 erunt
966 2788 1024 2839 et
1060 2789 1310 2840 crescent
1345 2788 1505 2855 vique
1543 2784 1817 2851 valebunt,

315 2867 581 2934 quantum
616 2863 813 2932 cuique
850 2861 1042 2915 datum
1079 2865 1166 2915 est
1201 2879 1303 2932 per
1338 2861 1563 2916 foedera
1599 2863 1828 2916 naturai.

260 2937 272 2949 ’
313 2956 416 2994 nec
450 2957 638 2994 rerum
675 2954 942 2992 summam
980 2941 1317 2992 commutare
1353 2937 1466 2992 ulla
1500 2942 1688 3008 potest
1723 2940 1817 2991 vis.

314 3032 441 3069 nam
478 3033 667 3084 neque,
705 3031 814 3084 quo
847 3014 1024 3084 possit
1059 3030 1231 3081 genus
1268 3013 1441 3067 ullum
1481 3014 1732 3068 materiai

314 3091 554 3159 effugere
579 3109 645 3145 ex
670 3091 829 3156 omni,
845 3091 1137 3160 quicquam
1162 3093 1248 3143 est
1263 3097 1441 3159 extra,
1467 3106 1642 3158 neque
1667 3090 1720 3140 in
1747 3102 1906 3140 omne
1948 3100 2021 3139 305

315 3167 462 3220 unde
498 3172 686 3221 coorta
722 3173 891 3235 queat
927 3184 1066 3220 nova
1101 3167 1183 3220 vis
1217 3167 1530 3236 inrumpere
1566 3170 1626 3219 ct
1660 3178 1873 3216 omnem
