2259 3442
233 81 307 143 74
1028 78 1132 137 III

297 187 371 240 Et
404 185 659 255 quoniam
695 201 850 239 mens
885 187 973 239 est
1006 183 1239 237 hominis
1273 199 1404 252 pars
1437 199 1562 251 una,
1598 183 1717 238 loco
1753 199 1899 254 quae

226 262 337 316 fixa
371 266 557 316 manet
591 264 758 329 certo,
796 260 948 315 velut
981 276 1142 314 aures
1178 262 1346 327 atquo
1382 258 1521 313 oculi
1557 262 1685 313 sunt

225 343 392 407 atque
426 338 516 391 alii
553 353 743 391 sensus
778 337 873 407 qui
907 336 1076 390 vitam
1110 352 1345 407 cignano
1379 335 1704 403 gubernant,

224 420 283 470 et
318 413 487 468 veluti
524 430 713 467 manus
747 419 915 483 atque
950 413 1138 466 oculus
1173 427 1400 465 naresve
1438 428 1684 465 seorsum

223 494 434 545 secreta
469 489 539 544 ab
575 489 732 544 nobis
766 493 1052 558 nequeunt
1088 488 1295 543 sentire
1329 505 1509 557 neque
1545 505 1681 556 esse,

223 568 323 620 sed
356 572 543 621 tamen
578 566 635 618 in
670 582 837 634 parvo
873 565 1113 619 licuntur
1149 569 1397 634 tempore
1432 564 1578 630 tabe,

222 644 299 697 sic
333 644 542 696 animus
575 658 676 711 per
711 660 770 697 se
803 658 911 696 non
947 641 1070 711 quit
1105 642 1221 696 siue
1256 656 1483 709 corpore
1519 644 1578 695 et
1613 640 1732 708 ipso

221 736 341 774 esse
375 719 607 784 homine,
641 718 785 772 illius
820 718 976 788 quasi
1012 718 1162 787 quod
1195 734 1292 771 vas
1326 733 1447 771 esse
1481 716 1702 771 videtur

220 796 333 850 sive
369 795 519 848 aliud
553 794 688 864 quid
724 794 806 848 vis
841 794 1023 862 potius
1058 793 1398 848 coniunctius
1433 794 1485 847 ei

220 871 441 939 fingere,
477 870 918 940 quandoquidem
954 879 1163 924 conexu
1198 885 1393 937 corpus
1428 868 1711 923 adhaeret.

221 947 460 1016 denique
495 947 733 1016 corporis
768 952 934 1016 atque
969 947 1137 1000 animi
1171 946 1352 999 vivata
1385 948 1632 1014 potestas
1712 941 1809 982 X*

219 1023 366 1078 inter
401 1041 461 1077 so
496 1023 784 1078 coniuncta
818 1021 1004 1077 valent
1039 1023 1264 1090 vitaque
1299 1022 1589 1087 fruuntur3

221 1116 322 1154 nec
357 1101 473 1154 sine
508 1116 733 1169 corpore
768 1100 912 1154 enim
947 1099 1129 1153 vitalis
1166 1098 1333 1152 edere
1367 1101 1550 1151 motus

223 1177 338 1229 sola
371 1180 558 1245 potest
593 1176 759 1230 animi
795 1191 896 1245 per
932 1192 992 1229 se
1026 1178 1226 1229 natura
1258 1190 1360 1228 nec
1395 1178 1580 1228 autom

223 1269 434 1305 cassum
471 1252 650 1309 anima
683 1269 880 1320 corpus
916 1251 1117 1305 durare
1154 1255 1213 1305 et
1249 1250 1497 1304 sensibus
1532 1251 1631 1304 uti.

223 1328 430 1381 scilicet
464 1329 678 1381 avolsus
712 1326 989 1381 radicibus
1022 1330 1090 1381 ut
1126 1326 1323 1395 nequit
1357 1325 1523 1380 ullam

224 1404 492 1473 dispicere
526 1404 643 1472 ipse
678 1403 864 1457 oculus
900 1420 1017 1457 rem
1054 1419 1299 1458 seorsum
1333 1419 1560 1472 corpore
1595 1406 1729 1469 toto,

223 1480 299 1533 sic
334 1479 514 1531 anima
548 1484 714 1547 atquo
748 1479 960 1532 animus
994 1496 1094 1548 per
1130 1496 1190 1534 se
1224 1480 1298 1533 nil
1333 1496 1493 1547 posse
1528 1479 1760 1533 videtur.

221 1556 473 1608 nimirum
511 1555 637 1622 quia
667 1572 773 1622 per
811 1571 975 1609 venas
1009 1559 1069 1610 et
1103 1555 1314 1610 viscera
1347 1556 1578 1623 mixtim,

221 1648 320 1700 per
354 1647 546 1685 nervos
582 1634 749 1699 atque
789 1648 924 1700 ossa,
961 1635 1220 1686 tenentur
1255 1648 1480 1702 corpore
1515 1631 1585 1685 ab
1623 1631 1767 1684 omui

221 1724 321 1761 nec
355 1708 562 1774 magnis
594 1707 892 1761 intervallis
926 1707 1226 1776 primordia
1261 1713 1489 1777 possunt

218 1783 392 1837 libera
428 1783 732 1851 dissultare,
769 1783 894 1838 ideo
928 1784 1178 1838 conclusa
1211 1789 1500 1839 moventur

221 1860 509 1914 sensiferos
543 1865 723 1914 motus
760 1877 897 1930 quos
931 1863 1091 1914 extra
1125 1877 1323 1928 corpus
1360 1860 1416 1913 in
1451 1876 1614 1914 auras

222 1937 362 1990 aeris
397 1936 550 1996 haut.
568 1940 798 2006 possunt
830 1941 956 2006 post
991 1940 1225 1990 mortem
1262 1936 1439 1991 eiecta
1475 1935 1681 1990 moveri

222 2017 516 2081 propterca
551 2013 679 2082 quia
712 2029 820 2066 non
855 2013 1018 2067 simili
1054 2013 1268 2067 ratione
1304 2016 1577 2067 tenentur.

222 2105 418 2156 corpus
453 2089 597 2143 enim
632 2093 799 2157 atque
832 2090 1074 2143 animans
1110 2089 1219 2143 erit
1253 2105 1362 2157 aer,
1400 2090 1446 2143 si
1480 2088 1735 2143 cohibere

226 2182 345 2218 sese
381 2165 561 2219 anima
594 2168 761 2233 atque
795 2166 852 2219 in
890 2182 955 2219 eo
989 2165 1196 2235 poterit
1230 2164 1554 2220 concludere
1588 2170 1771 2219 motus

224 2257 361 2311 quos
395 2245 525 2295 ante
559 2242 616 2295 in
650 2243 830 2296 nervis
865 2246 924 2296 et
958 2242 1014 2295 in
1049 2242 1168 2311 ipso
1201 2258 1429 2310 corpore
1465 2241 1679 2309 agebat.

226 2334 396 2386 qnare
432 2318 598 2370 ctiam
632 2323 799 2384 atque
834 2317 1000 2371 ctiam
1036 2316 1278 2371 resoluto
1312 2318 1554 2386 corporis
1589 2317 1737 2371 omni

225 2393 468 2461 tegmine
504 2397 563 2447 et
600 2392 790 2447 eiectis
826 2396 986 2447 extra
1021 2392 1280 2447 vitalibus
1315 2394 1462 2448 auris

228 2469 451 2524 dissolui
488 2485 677 2524 sensus
713 2468 879 2522 animi
914 2469 1123 2523 fateare
1158 2474 1434 2524 necessest

224 2551 391 2616 atque
426 2546 675 2612 animam,
710 2545 966 2614 quoniam
1001 2546 1341 2600 coniunctast
1375 2562 1539 2600 causa
1574 2545 1800 2601 duobus.

161 2623 252 2683 ’Ἧι
295 2623 544 2693 Denique
579 2639 703 2677 cum
737 2639 932 2692 corpus
966 2626 1208 2691 nequeat
1242 2621 1486 2691 perferre
1521 2622 1720 2676 animai

225 2699 515 2754 discidium
552 2700 682 2769 quin
715 2699 771 2753 in
806 2702 987 2753 taetro
1023 2698 1274 2752 tabescat
1308 2698 1492 2767 odore,

224 2775 359 2841 quid
395 2775 615 2828 dubitas
650 2776 782 2843 quin
818 2791 886 2828 ex
922 2775 1031 2828 imo
1066 2775 1399 2843 penitusque
1433 2776 1622 2829 coorta

225 2849 492 2902 emanarit
525 2851 610 2903 uti
645 2850 827 2903 fumus
862 2850 1058 2904 diffusa
1092 2851 1303 2903 animae
1339 2850 1435 2916 vis,

225 2927 390 2991 atque
424 2923 550 2977 ideo
584 2928 741 2979 tanta
775 2929 1046 2980 mutatum
1083 2930 1248 2993 putre
1282 2925 1440 2979 ruina

223 2998 520 3052 conciderit
554 3014 765 3067 corpus,
800 3002 1019 3067 penitus
1055 3002 1185 3069 quia
1216 3004 1367 3054 mota
1399 3001 1518 3054 loco
1554 3004 1685 3055 sunt

222 3073 591 3139 fundamenta,
624 3073 770 3126 foras
806 3076 987 3128 anima
1022 3079 1310 3129 emanante
1344 3091 1447 3143 per
1481 3079 1636 3131 artus

222 3163 428 3216 nerque
461 3147 671 3201 viarum
708 3149 882 3201 omnis
916 3150 1105 3214 flexus,
1139 3150 1196 3201 in
1232 3165 1456 3217 corporo
1492 3149 1586 3217 qui
1622 3155 1766 3219 suut,

1859 351 1935 391 550

1859 1871 1933 1911 570

1861 2258 1935 2297 575

1861 3017 1937 3058 585
