2259 3442
1123 103 1282 156 xl·

289 246 493 311 praem,
516 248 684 309 septa,
723 256 863 308 quae
898 239 1024 293 libri
1047 256 1453 310 nonnumquam
1478 240 1759 308 exhibent,
1799 240 2003 296 Lucre-

292 326 432 380 tium
482 329 667 379 autem
716 342 818 393 per
865 324 1247 393 diphthongon
1290 327 1585 395 protulisse
1631 329 1849 380 certum
1898 331 2000 395 est,

290 428 391 465 nee
414 413 583 476 alara,
622 412 806 476 alitus,
845 418 1061 478 austra,
1105 417 1348 481 amatu-3,
1387 416 1446 466 et
1479 413 1790 467 huiusmodi
1825 431 2000 482 pauca

290 498 397 551 alia
420 497 538 550 sine
560 497 600 549 Ιι
624 497 852 550 ferenda
877 496 1026 550 duxi.

309 635 315 643 ,
394 582 546 634 Haec
574 597 791 650 quoque
810 581 1053 635 notanda
1079 584 1221 636 sunt.
1247 625 1258 636 .
1399 624 1411 638 .
1461 613 1470 620 ·
1551 625 1564 639 .
1590 584 1799 638 indicat
1812 602 1997 653 unum,

287 683 324 718 {-
359 667 543 736 plures
572 667 918 721 intercidisse
954 684 1160 721 versus,
1195 668 1430 735 syllabae
1459 678 1518 724 et
1556 687 1730 738 voceS‚
1761 688 1903 740 quae
1941 672 1998 725 in

285 753 438 806 libris
460 769 569 805 non
595 756 803 819 extant,
829 752 1058 806 cursivis
1084 752 1199 805 sive
1226 753 1467 819 Italicis3
1500 771 1688 808 versus
1714 755 1884 824 spurii
1909 757 1995 809 vel

284 838 460 891 alieno
470 838 587 891 loco
596 838 801 906 iterati,
810 837 1089 892 interdum
1101 838 1269 891 etiam
1280 839 1492 905 singula
1502 840 1783 904 vocabula,
1795 840 1996 909 capitae

282 923 428 976 libus
444 924 833 992 exprimuntur
848 923 1065 977 litteris
1108 925 1261 977 uncis
1286 923 1480 978 inclusi
1496 941 1588 978 eas
1606 927 1857 980 carminis
1874 945 1994 996 par-

280 1014 367 1066 tes
392 1028 534 1080 quae
559 1029 593 1065 a
608 1011 863 1066 Lucretio
882 1010 1108 1079 quidem
1132 1012 1363 1080 scriptas
1383 1029 1515 1079 esse,
1533 1013 1633 1066 sed
1656 1013 1711 1065 in
1737 1030 1993 1069 versuum

280 1099 477 1153 seriem
501 1116 609 1152 non
633 1099 704 1152 ab
742 1098 861 1167 ipso
892 1102 1072 1168 poeta,
1111 1098 1212 1152 sed
1245 1116 1278 1152 a
1307 1097 1486 1167 primo
1526 1098 1739 1152 editore
1779 1103 1991 1156 temere

278 1187 475 1241 inlatas
500 1203 618 1241 esse
642 1186 863 1255 egregio
886 1186 1135 1240 acumine
1168 1184 1565 1239 demonstravit
1592 1185 1988 1243 Lachmannus.

278 1288 404 1325 cum
428 1272 698 1326 editorem
722 1288 832 1324 non
852 1271 1118 1336 Quintum
1146 1271 1477 1338 Ciceronem,
1502 1271 1600 1327 sed
1633 1271 1813 1340 ipsum
1839 1273 1987 1327 Mar-

278 1376 401 1412 cum
424 1359 591 1411 fuisse
627 1358 805 1411 credo.
828 1374 955 1411 nam
993 1358 1202 1410 Plinius
1226 1358 1385 1425 epist.
1421 1372 1492 1410 111
1530 1363 1594 1411 15
1632 1357 1862 1412 Proculo
1889 1376 1987 1414 suo

276 1442 353 1494 sic
377 1441 582 1507 scribit,
609 1440 773 1493 Petis
810 1446 873 1492 ut
907 1441 1107 1494 libellos
1146 1441 1519 1508 tuos...lcqam
1554 1442 1987 1512 examinemque

273 1544 352 1580 an
376 1528 617 1580 editione
647 1526 763 1580 sint
799 1526 1242 1593 dlqni...alleya3
1275 1528 1597 1594 ammplam
1626 1528 1849 1582 ..adicis
1891 1531 1982 1585 M.

283 1613 537 1666 Tullium
576 1612 737 1665 mira
772 1612 967 1679 bem'qn
975 1612 1110 1665 itate
1138 1617 1443 1678 poetarum
1482 1612 1716 1680 inqenia
1746 1614 1975 1677 fovisse.

270 1699 482 1753 numeri
520 1698 576 1750 in
613 1697 768 1751 laeva
797 1699 1031 1767 paginae
1060 1702 1220 1767 parte
1256 1697 1420 1767 positi
1445 1715 1703 1753 versuum
1727 1700 1979 1756 ordinem

269 1785 513 1840 indicant
536 1800 697 1855 quem
723 1783 850 1837 libri
876 1784 1174 1838 Leidenses
1200 1782 1477 1838 exhibent.

407 1970 723 2027 Scribebam
767 1972 1152 2042 Cantabrigiae
1184 1971 1242 2024 in
1277 1970 1506 2039 collegio
1538 1969 1830 2025 Trinitatis

786 2076 959 2116 mens,
986 2058 1209 2115 Octobr.
1235 2075 1283 2113 a.
1309 2062 1456 2112 1860.
