2259 3442
1125 116 1215 170 Vi

307 220 532 275 flumina
565 219 853 274 abundare
879 223 945 274 ut
978 219 1223 274 facerent
1257 236 1586 291 camposque
1622 226 1830 289 natare,

307 297 357 351 si
392 314 501 350 non
537 297 806 351 extructis
841 296 986 350 foret
1019 296 1131 350 alte
1167 296 1403 350 nubibus
1439 298 1647 352 aether.

305 374 396 428 hic
429 374 600 442 igitur
632 374 810 427 ventis
844 376 1012 442 atque
1046 368 1263 440 ignibus
1298 373 1479 426 onmia.
1512 374 1674 442 plena
1710 401 1715 404 v

307 454 466 517 sunt3
503 450 629 504 ideo
665 450 867 519 passim
904 449 1158 503 fremitus
1192 452 1252 503 et
1285 449 1504 517 fulgura
1539 450 1692 505 fiunt.

305 528 512 597 quippe
547 526 752 581 etenim
790 542 955 595 supra
991 525 1154 579 docui
1188 528 1464 594 permulta
1496 528 1713 597 vaporis
1738 526 1750 537 '

307 604 516 657 semina
550 602 756 657 habere
791 619 950 657 cavas
984 601 1161 655 nubes
1197 604 1257 656 et
1290 603 1464 656 multa
1496 607 1777 659 necessest

306 680 593 749 concipere
629 696 699 733 ex
735 679 864 733 solis
898 677 1069 731 radiis
1106 678 1416 747 ardoreque
1451 696 1653 733 eorum.

307 756 410 811 hoc
443 755 539 810 ubi
574 759 771 811 ventus
805 771 898 809 eas
935 754 1084 808 idem
1119 756 1216 824 qui
1251 756 1400 825 cogit
1434 756 1491 809 in
1527 772 1695 810 unum

305 833 451 887 forte
485 833 664 887 locum
701 832 964 901 quemvis,
999 833 1273 902 expressit
1307 832 1481 886 multa
1514 834 1728 901 vaporis

308 909 517 963 semina
551 925 719 978 seque
755 909 914 962 simul
949 926 1074 962 cum
1108 926 1175 962 eo
1211 909 1555 963 commiscuit
1588 910 1717 978 igni,

308 985 616 1039 insinuatus
650 984 726 1039 ibi
762 989 959 1038 vortex
995 988 1251 1038 versatur
1286 985 1341 1037 in
1378 988 1500 1039 arto

308 1065 370 1116 et
406 1062 595 1117 calidis
632 1062 783 1116 acuit
815 1061 1024 1114 fulmen
1059 1059 1370 1115 fornacibus
1403 1062 1571 1114 intus.'

308 1155 436 1191 nam
472 1137 679 1206 duplici
716 1138 928 1191 ratione
964 1136 1298 1202 accenditur,
1333 1137 1452 1206 ipsc
1486 1153 1586 1190 sua
1619 1153 1743 1191 cum

308 1213 615 1268 mobilitate
653 1214 877 1268 calescit
911 1216 971 1267 et
1007 1230 1040 1267 e
1071 1212 1399 1280 contagibus
1431 1213 1589 1282 ignis.

305 1290 437 1344 inde
471 1289 566 1344 ubi
601 1291 869 1360 percaluit
904 1290 1055 1344 venti
1088 1291 1172 1343 vis
1205 1296 1258 1343 et
1291 1290 1474 1358 gravis
1510 1290 1654 1358 ignis

304 1367 546 1436 impetus
580 1367 817 1433 incessit,
857 1372 1136 1420 maturum
1172 1369 1291 1420 tum
1328 1367 1485 1436 quasi
1519 1366 1728 1420 fulmen

307 1443 612 1511 perscindit
646 1443 827 1497 subito
861 1442 1080 1511 nubem,
1113 1444 1401 1512 ferturque
1434 1444 1673 1498 coruscis

308 1520 492 1573 omnia
523 1519 816 1574 luminibus
852 1520 1095 1574 lustrans
1130 1520 1250 1574 loca
1286 1521 1529 1590 percitus
1563 1519 1744 1575 ardor.

306 1612 474 1663 quem
507 1596 691 1665 gravis
724 1596 1032 1664 insequitur
1068 1598 1292 1665 sonitus,
1329 1598 1567 1666 displosa
1601 1599 1831 1667 repente

308 1672 621 1741 opprimere
653 1675 720 1727 ut
753 1672 889 1727 caeli
925 1674 1182 1728 videatur
1217 1675 1426 1743 templa
1461 1690 1711 1743 superne.

306 1748 437 1802 inde
470 1752 681 1803 tremor
715 1752 894 1803 terras
929 1751 1176 1817 graviter
1211 1755 1554 1819 pertemptat
1588 1754 1648 1803 ct
1682 1750 1855 1803 altum

307 1839 590 1878 murmura
622 1840 953 1894 percurrunt
987 1826 1212 1879 caelum.
1247 1842 1374 1878 nam
1409 1831 1531 1879 tota
1562 1825 1680 1879 fere
1714 1829 1833 1878 tum

308 1904 614 1972 tempestas
649 1916 909 1954 concussa
944 1900 1136 1954 tremit
1171 1901 1535 1970 fremitusque
1570 1905 1873 1955 moventur.

308 1995 418 2048 quo
456 1979 528 2032 de
563 1993 829 2032 concussu
863 1976 1110 2044 sequitur
1145 1976 1327 2045 gravis
1361 1977 1540 2031 imber
1574 1979 1635 2031 et
1666 1977 1821 2048 uber,

309 2055 485 2109 omnis
520 2055 605 2109 uti
641 2053 896 2108 videatur
927 2053 986 2106 in
1019 2053 1250 2107 imbrem
1286 2053 1494 2108 vertier
1527 2052 1722 2108 aether

308 2134 479 2201 atque
513 2132 594 2185 ita
628 2131 999 2199 praecipitans
1035 2130 1109 2183 ad
1146 2129 1403 2184 diluviem
1442 2130 1715 2185 revocari:

309 2212 499 2262 tantus
533 2207 764 2261 discidio
797 2206 959 2260 nubis
993 2206 1255 2274 ventique
1288 2206 1525 2275 procella

311 2285 566 2352 mittitur,
602 2284 820 2338 ardenti
857 2284 1067 2338 sonitus
1102 2299 1227 2337 cum
1264 2283 1514 2353 provolat
1554 2282 1684 2338 ictu.

309 2364 397 2415 est
432 2362 596 2414 ctiam
632 2378 757 2415 cum
793 2363 876 2415 vis
909 2361 1253 2415 extrinsecus
1288 2360 1457 2414 incita
1490 2361 1638 2414 venti

309 2436 503 2491 incidit
536 2438 592 2489 in
627 2438 860 2491 calidam
895 2441 1111 2490 maturo
1146 2436 1373 2490 fulmine
1409 2436 1643 2502 nubem3

309 2529 475 2581 quam
511 2529 634 2566 cum
667 2513 947 2581 perscidit,
983 2513 1262 2582 extemplo
1297 2513 1447 2568 eadit
1481 2512 1672 2581 igneus
1705 2513 1801 2566 illc

310 2592 502 2642 vertex
538 2604 700 2657 quem
735 2589 917 2658 patrio
950 2588 1253 2642 vocitamus
1288 2590 1506 2644 nomine
1542 2589 1764 2643 fulmen.

310 2665 415 2719 hoc
450 2665 514 2719 fit
549 2664 698 2718 idem
733 2665 791 2718 in
824 2665 999 2733 partis
1036 2664 1182 2730 alias,
1217 2681 1561 2734 quocumque
1597 2665 1728 2718 tulit
1762 2664 1860 2717 vis.

311 2741 377 2797 flt
412 2756 631 2812 quoque
665 2743 731 2795 ut
766 2740 1046 2795 interdum
1083 2742 1230 2795 venti
1266 2742 1349 2794 vis
1383 2741 1550 2795 missa
1584 2741 1700 2795 sine
1736 2740 1851 2808 igni

308 2817 543 2886 igniscat
575 2820 761 2871 tamen
795 2817 852 2870 in
889 2817 1067 2886 spatio
1097 2817 1368 2886 longoque
1401 2820 1602 2885 meatu,

311 2895 444 2948 dum
480 2893 645 2961 venit,
682 2893 943 2948 amittens
977 2893 1033 2947 in
1068 2910 1234 2948 cursu
1269 2910 1496 2963 corpora
1529 2894 1802 2963 quaedam

1901 120 2012 177 165

1946 466 2019 519 27⁰

1948 846 2022 889 275

1948 2754 2024 2795 wo

309 2970 541 3040 grandia
577 2986 717 3039 quae
750 2972 1031 3038 nequeunt
1064 2970 1275 3039 pariter
1308 2974 1603 3040 penetrare
1637 2986 1741 3038 per
1773 2986 1966 3038 auras3

312 3051 481 3115 atque
514 3047 622 3101 alia
656 3064 724 3100 ex
760 3046 879 3116 ipso
913 3046 1212 3101 conradens
1247 3063 1375 3101 aere
1408 3051 1600 3117 portat

311 3123 537 3193 parvola
571 3140 711 3193 quae
744 3124 952 3177 faciunt
986 3123 1166 3191 ignem
1201 3123 1499 3177 commixta
1533 3123 1797 3190 voland03

313 3216 420 3253 non
457 3199 563 3253 alia
597 3200 759 3268 longe
791 3200 1006 3254 ratione
1040 3214 1104 3253 ac
1140 3198 1396 3268 plumbea
1416 3215 1596 3268 saepe
