2259 3442
226 98 306 155 44
1040 97 1109 152 II

218 218 326 254 non
359 199 583 270 poterit,
618 217 808 269 neque,
844 199 992 267 quod
1026 201 1289 268 superest,
1324 215 1675 268 procrescere
1710 200 1904 269 alique.¹

216 279 418 347 quippe
442 278 645 332 etenim
671 292 880 330 sumam
905 275 1006 328 hoc
1032 292 1248 344 quoque
1273 277 1356 332 uti
1380 277 1537 331 finita
1559 293 1660 345 per
1684 294 1840 331 omne

216 371 445 424 corpora
478 354 667 407 iactari
702 353 862 405 unius
895 351 1157 419 genitalia
1192 352 1285 418 rei,

215 431 360 484 unde
393 430 487 483 ubi
523 447 631 499 qua
666 430 717 483 vi
755 431 812 480 et
848 444 956 496 quo
991 429 1154 496 pacto
1192 445 1483 497 congressa
1517 429 1744 485 coibunt

212 506 476 561 materiae
510 508 666 558 tanto
700 504 757 557 in
791 504 984 573 pelago
1020 504 1296 571 turbaque
1331 506 1542 560 aliena?
1845 521 1920 561 550

210 599 333 649 non,
369 585 433 635 ut
468 581 674 650 opinor,
711 581 919 634 habent
954 580 1225 635 rationem
1260 581 1622 647 conciliandi;

211 659 311 712 sed
345 658 501 727 quasi
534 657 832 725 naufragiis
867 657 1078 726 magnis
1113 657 1412 726 multisque
1449 658 1650 712 coortis

210 733 502 787 disiectare
539 733 678 787 solet
712 748 969 802 magnum
1003 749 1159 786 mare
1193 736 1436 788 transtra
1468 734 1719 802 guberna

189 814 496 864 antemnas
532 827 751 879 proram
790 811 961 863 malos
998 812 1295 878 tonsasque
1332 811 1592 880 natantis,

208 902 310 954 per
344 889 618 940 terrarum
654 887 828 940 omnis
864 902 988 940 oras
1024 886 1295 940 fluitantia
1330 886 1577 955 aplustra
1843 903 1917 943 555

207 966 272 1015 ut
306 963 598 1017 videantur
635 967 693 1017 et
727 963 987 1017 indicium
1023 963 1347 1016 mortalibus
1383 963 1568 1032 edant,

209 1039 364 1093 infidi
399 1040 566 1094 maris
603 1040 827 1094 insidias
865 1039 1102 1107 virisque
1138 1038 1432 1108 dolumque

205 1118 271 1169 ut
306 1117 480 1171 vitare
516 1117 698 1184 velint,
736 1134 873 1171 neve
907 1115 1019 1169 ullo
1054 1118 1305 1185 tempore
1341 1114 1584 1183 credant,

205 1192 436 1247 subdola
472 1211 595 1248 cum
632 1193 779 1247 ridet
814 1192 1015 1262 placidi
1052 1191 1281 1259 pellacia
1316 1191 1489 1260 ponti,

204 1269 280 1322 sic
316 1269 418 1323 tibi
455 1271 501 1324 si
537 1271 693 1323 finita
730 1269 896 1322 semel
933 1268 1231 1337 primordia
1266 1268 1538 1336 quaedam
1839 1282 1912 1323 560

203 1346 517 1413 constitues,
554 1362 743 1399 aevom
780 1344 1062 1397 debebunt
1098 1360 1287 1412 sparsa
1322 1359 1423 1411 per
1460 1359 1679 1398 omnem

204 1419 495 1474 disiectare
531 1424 717 1474 aestus
755 1420 954 1474 diversi
991 1420 1255 1486 materiai,

201 1512 494 1565 numquam
528 1498 585 1550 in
623 1496 909 1550 concilium
945 1499 1009 1548 ut
1043 1496 1255 1563 possint
1291 1497 1572 1565 compulsa
1607 1496 1755 1552 coire

200 1588 302 1625 nec
340 1573 602 1626 remorari
639 1573 695 1625 in
734 1571 957 1625 concilio
992 1587 1091 1624 nec
1130 1587 1378 1625 crescere
1413 1572 1685 1641 adaucta3

198 1664 430 1715 quorum
455 1652 752 1718 utrumque
776 1647 955 1717 palam
980 1646 1100 1699 fieri
1123 1646 1414 1702 manifesta
1439 1648 1605 1704 docet
1627 1666 1733 1720 res,
1838 1665 1911 1707 565

199 1727 257 1777 et
290 1741 379 1778 res
414 1724 668 1794 progigni
705 1727 763 1779 et
798 1723 1013 1793 genitas
1048 1740 1399 1792 procrescere
1436 1742 1610 1794 posse.

196 1817 316 1854 csse
351 1801 520 1869 igitur
555 1819 757 1871 genere
793 1801 849 1855 in
885 1801 1076 1870 quovis
1111 1800 1412 1870 primordia
1447 1818 1634 1857 rerum

193 1876 409 1932 infinita
444 1878 622 1947 palam
660 1883 746 1933 est
784 1879 930 1933 unde
964 1877 1147 1931 omnia
1182 1877 1620 1948 suppeditantur.

83 1951 228 2089 sl
263 1955 381 2009 Nec
418 1972 677 2026 superare
714 1959 920 2024 queunt
956 1959 1136 2009 motus
1172 1959 1359 2022 itaque
1397 1956 1647 2010 exitiales

193 2036 460 2102 perpetuo
498 2049 674 2100 neque
710 2033 765 2085 in
804 2036 1085 2086 aeternum
1124 2032 1353 2100 sepelire
1390 2032 1637 2100 salutem,
1838 2047 1911 2088 570

194 2125 294 2162 nec
327 2126 492 2179 porro
528 2126 713 2162 rerum
749 2109 1015 2176 genitales
1051 2107 1400 2173 auctificique

193 2188 372 2238 motus
408 2188 679 2254 perpetuo
718 2187 946 2252 possunt
983 2198 1201 2236 servare
1238 2185 1435 2234 creata.

191 2260 266 2313 sic
304 2278 477 2328 aequo
512 2260 725 2327 geritur
763 2258 1062 2312 certamine
1096 2256 1488 2324 principiorum

191 2351 259 2388 ex
293 2337 509 2389 infinito
547 2338 890 2388 contractum
926 2336 1178 2400 tempore
1213 2330 1430 2383 bellum.
1464 2394 1473 2399 ἱ

188 2430 328 2467 nunc
363 2413 450 2465 hic
487 2428 630 2463 nunc
666 2409 775 2462 illic
814 2410 1075 2477 superant
1109 2406 1296 2458 vitalia
1328 2423 1515 2461 rerum
1836 2424 1909 2467 575

188 2493 247 2544 ct
282 2492 613 2559 superantur
648 2487 797 2539 item.
833 2486 1095 2538 miscetur
1129 2483 1323 2536 funere
1358 2500 1526 2553 vagor

187 2584 351 2634 quem
385 2565 543 2636 pueri
576 2563 779 2619 tollunt
816 2546 1043 2636 visentis
1077 2560 1296 2614 luminis
1331 2577 1484 2629 oras3
1575 2518 1699 2617 ἓν]

187 2660 288 2697 nec
325 2660 431 2696 nox
467 2642 578 2695 ulla
613 2641 761 2694 diem
796 2656 976 2709 neque
1010 2642 1229 2692 noctem
1263 2654 1460 2694 aurora
1495 2642 1738 2695 secutast

63 2758 82 2779 „„
186 2737 326 2788 quae
360 2738 467 2773 non
504 2717 743 2772 audierit
779 2717 980 2771 mixtos
1017 2714 1293 2784 vagitibus
1329 2716 1507 2783 aegris

81 2782 160 2871 ⁸⁸&
186 2795 432 2864 ploratus
467 2795 627 2848 morti
634 2813 658 2848 s
696 2795 923 2849 comites
960 2797 1018 2847 et
1053 2792 1260 2846 funeris
1295 2792 1417 2847 atri.
1835 2807 1910 2847 580

161 2878 177 2903 “
262 2871 407 2925 Illud
442 2872 498 2922 in
534 2870 621 2923 his
657 2871 1008 2939 obsignatum
1042 2887 1260 2939 quoque
1295 2869 1459 2924 rebus
1495 2868 1698 2923 habere

189 2948 439 3000 convenit
476 2949 535 3000 et
570 2948 798 3000 memori
836 2948 1158 3001 mandatum
1194 2949 1379 3000 mente
1414 2949 1620 3013 tenere,

188 3022 264 3074 nil
300 3039 433 3088 esse,
468 3023 524 3077 in
561 3027 824 3094 promptu
860 3041 1090 3093 quorum
1126 3027 1326 3077 natura
1362 3020 1595 3089 videtur,

188 3097 336 3164 quod.
369 3114 571 3166 genere
609 3116 678 3152 ex
714 3117 821 3153 uno
858 3101 1118 3154 consistat
1154 3099 1564 3169 principiorum,

196 3190 291 3229 *nec
326 3175 616 3247 quicquam
653 3176 801 3242 quod
836 3193 944 3261 non
981 3177 1256 3245 permixto
1293 3174 1499 3228 semine
1535 3178 1781 3242 constet;
1832 3189 1906 3230 58⁵
