2259 3442
242 92 355 148 166
1035 91 1135 147 VI

236 195 450 250 fervida
483 197 549 250 fit
582 197 741 265 glans
775 198 833 249 in
870 214 1048 263 eursu,
1082 213 1206 250 cum
1241 196 1419 249 multa
1450 196 1652 285 figeris

237 289 467 342 corpora
501 272 788 326 dimittens
821 274 1004 341 ignem
1037 273 1288 342 concepit
1320 273 1378 325 in
1394 273 1574 327 auris,

239 350 304 403 fit
339 366 557 420 quoque
590 352 656 403 ut
691 349 863 419 ipsius
896 348 1091 417 plagae
1125 348 1209 402 vis
1244 349 1451 403 excitet
1484 348 1682 438 ignem,

235 426 437 493 frigida
469 442 592 479 cum
628 426 778 479 venti
813 425 1026 494 pepulit
1058 425 1142 478 vis
1175 425 1342 478 missa
1376 426 1490 480 sine
1524 426 1655 494 igni,
1873 441 1957 481 310

237 502 490 555 nimirum
524 504 673 570 quia,
705 518 827 555 cum
862 502 1101 556 vementi
1139 502 1374 570 perculit
1406 501 1539 568 ictu,

236 579 508 632 confluere
542 595 614 633 ex
646 581 768 648 ipso
804 582 1035 646 possunt
1069 578 1344 632 elementa
1377 579 1593 645 vaporis

236 658 295 708 et
329 655 489 708 simul
525 671 596 709 ex
629 655 725 708 illa
760 671 902 723 quae
936 658 1057 708 tum
1093 670 1183 707 res
1218 654 1426 723 excipit
1458 653 1659 719 ictum;

233 734 311 796 ut,
344 731 584 800 lapidem
618 731 766 785 ferro
802 747 926 785 cum
962 730 1258 798 caedimus,
1293 729 1474 783 evolat
1509 729 1669 797 ignis,

237 824 352 874 nec,
383 807 533 877 quod
567 807 772 876 frigida
807 807 889 860 vis
924 806 1128 873 ferrist‚
1165 806 1269 860 hoc
1308 806 1482 860 setius
1514 806 1596 859 illi
1869 820 1952 860 315

235 884 440 938 semina
474 887 807 938 concurrunt
841 883 1005 937 calidi
1040 883 1270 951 fulgoris
1304 882 1378 937 ad
1409 883 1596 937 ictum.

236 960 311 1014 sic
345 960 513 1029 igitur
548 977 766 1030 quoque
800 977 893 1014 res
928 960 1155 1014 accendi
1190 959 1419 1013 fulmine
1452 959 1635 1025 debet,

236 1040 545 1107 opportuna
578 1037 685 1091 fuit
720 1037 767 1091 si
801 1036 945 1090 forte
981 1040 1040 1090 et
1074 1036 1274 1089 idonea
1307 1034 1554 1089 fiammis.

239 1130 337 1168 uec
372 1117 584 1168 temere
621 1114 838 1167 omnino
872 1112 1035 1181 plane
1070 1112 1154 1165 vis
1189 1111 1390 1179 frigida
1423 1112 1575 1165 venti

237 1206 357 1244 esse
392 1193 593 1260 potest,
628 1206 698 1243 ea
731 1205 872 1258 quae
906 1191 1063 1242 tanta
1097 1188 1153 1241 vi
1187 1188 1357 1241 missa
1392 1190 1697 1256 supernest,
1872 1200 1949 1240 320

237 1266 384 1335 quin,
420 1266 574 1336 prius
609 1267 666 1319 in
701 1282 865 1320 cursu
901 1265 947 1319 si
980 1281 1088 1317 non
1124 1264 1444 1318 accenditur
1479 1263 1609 1331 igni,

236 1346 295 1395 at
330 1342 607 1411 tepefacta
641 1346 827 1396 tamen
861 1342 1045 1395 veniat
1084 1340 1380 1394 commixta
1414 1339 1607 1393 calore.

306 1418 585 1472 Mobilitas
622 1421 808 1472 autem
844 1417 910 1470 fit
944 1416 1184 1469 fulminis
1220 1419 1280 1469 et
1314 1416 1496 1483 gravis
1530 1415 1688 1494 ictus,

238 1498 298 1549 ct
333 1494 498 1550 celeri
532 1495 705 1548 ferme
741 1496 1070 1562 percurrunt
1106 1492 1331 1546 fulmina
1366 1493 1537 1561 lapsu,

238 1570 475 1624 nubibus
510 1570 629 1640 ipsa
663 1568 813 1638 quod
849 1570 1064 1622 omnino
1097 1570 1253 1637 prius
1286 1569 1456 1623 incita
1489 1585 1549 1621 se
1584 1569 1635 1621 vi
1639 1585 1667 1621 s
1870 1582 1948 1620 325

236 1648 442 1716 colligit
478 1650 537 1702 et
571 1663 829 1715 magnum
865 1662 1126 1699 conamen
1163 1646 1334 1700 sumit
1366 1646 1547 1714 eundi,

238 1724 366 1778 inde
401 1724 494 1778 ubi
529 1740 635 1777 non
671 1722 854 1793 potuit
888 1722 1062 1780 nubes
1098 1739 1297 1792 capere
1331 1723 1533 1791 inpetis
1567 1726 1803 1790 auctum,

236 1801 563 1870 exprimitur
599 1799 683 1854 vis
718 1804 887 1868 atque
922 1797 1048 1853 ideo
1082 1799 1232 1853 volat
1265 1798 1474 1869 impete
1511 1798 1667 1866 mire,

235 1881 296 1931 ut
332 1878 529 1931 validis
564 1894 706 1946 quae
742 1877 813 1931 de
847 1877 1139 1930 tormentis
1172 1876 1342 1930 missa
1374 1875 1641 1930 feruntur.

236 1953 380 2007 adde
420 1953 571 2022 quod
605 1970 637 2006 c
674 1953 859 2023 parvis
892 1957 950 2007 et
984 1952 1195 2006 levibus
1230 1955 1317 2007 est
1352 1951 1653 2017 elementis,
1871 1964 1950 2003 ³30

235 2047 334 2083 nec
368 2030 583 2084 facilest
617 2030 717 2083 tali
751 2031 983 2082 natluae
1018 2028 1286 2098 opsistere
1322 2028 1628 2097 quicquam.

235 2106 381 2159 inter
424 2106 569 2160 enim
605 2106 750 2173 fugit
783 2121 847 2159 ac
883 2108 1139 2174 penetrat
1172 2122 1275 2173 per
1308 2120 1435 2158 rara
1466 2105 1692 2168 viarum,

238 2199 343 2235 non
382 2182 554 2250 igitur
590 2181 780 2235 multis
815 2180 1107 2234 offensibus
1141 2180 1199 2233 in
1233 2180 1560 2235 remorando

237 2258 489 2327 haesitat,
526 2258 668 2311 hanc
705 2258 777 2311 ob
807 2274 925 2311 rem
962 2257 1126 2311 celeri
1163 2257 1313 2311 volat
1348 2258 1555 2326 impete
1591 2256 1798 2311 labens.

237 2334 454 2403 deinde,
494 2334 640 2403 quod
677 2335 896 2387 omnino
932 2338 1131 2387 natura
1164 2333 1412 2403 pondera
1447 2333 1703 2388 deorsum
1874 2350 1951 2388 335

238 2410 421 2464 omnia
456 2411 726 2478 nituntur,
761 2425 884 2462 cum
919 2410 1139 2478 plagast
1173 2409 1365 2463 addita
1398 2426 1546 2477 vere,

241 2486 517 2541 mobilitas
554 2486 866 2555 duplicatur
899 2490 960 2539 et
993 2485 1235 2555 impetus
1269 2486 1362 2539 ille
1396 2485 1683 2553 gravescit,

238 2567 300 2617 ιιι
334 2564 644 2618 vementius
679 2566 739 2617 et
772 2562 935 2616 citius
969 2579 1348 2632 quaecumque
1384 2565 1669 2615 morantur

237 2640 397 2694 obvia
431 2640 695 2694 discutiat
730 2639 908 2709 plagis
942 2639 1218 2706 itinerque
1256 2641 1534 2706 sequatur.

240 2716 476 2785 denique
512 2717 661 2784 quod
690 2716 849 2784 longo
884 2716 1034 2769 venit
1065 2715 1285 2782 impete,
1322 2730 1537 2767 sumere
1572 2712 1742 2766 debet
1877 2724 1954 2765 34⁰

239 2793 606 2846 mobilitatem
642 2793 810 2846 etiam
847 2796 1013 2860 atque
1050 2792 1235 2858 etiam,
1270 2808 1412 2859 quae
1447 2791 1645 2845 crescit
1679 2788 1861 2844 eundo

242 2871 299 2919 et
337 2867 546 2920 validas
582 2871 747 2935 auget
782 2869 913 2921 viris
949 2870 1007 2921 et
1040 2866 1266 2920 roborat
1300 2868 1485 2920 ictum.

241 2958 365 2994 nam
399 2942 532 2995 facit
567 2947 631 2996 ut
667 2960 809 3011 quae
844 2944 955 2996 sint
990 2943 1135 2996 illius
1171 2942 1379 2996 semina
1414 2958 1648 3009 cumque

238 3033 269 3068 e
305 3016 527 3083 regione
562 3018 741 3071 locum
778 3021 935 3088 quasi
972 3019 1029 3071 in
1065 3034 1233 3071 unum
1271 3022 1468 3072 cuneta
1500 3018 1767 3085 ferantur,

240 3091 421 3143 omnia
456 3092 729 3146 coniciens
765 3095 821 3147 in
858 3110 983 3147 eum
1019 3094 1293 3147 volventia
1328 3109 1561 3147 cursum.
1880 3108 1955 3147 315

242 3165 470 3219 forsitan
498 3161 576 3219 'ex
611 3167 731 3235 ipso
766 3170 988 3223 veniens
1024 3168 1210 3223 trahat
1243 3186 1372 3223 aere
1406 3169 1677 3237 quaedam
