2259 3442
1094 91 1157 147 V
1868 94 1980 151 155

348 193 562 249 Nexilis
595 196 723 249 ante
755 194 863 249 fuit
897 194 1067 248 vestis
1103 210 1268 261 quam
1304 193 1500 247 textile
1536 197 1774 262 tegmen.
1888 209 1985 250 1350

278 270 474 325 textile
507 274 633 340 post
666 270 943 336 ferrumst,
981 269 1110 338 quia
1146 270 1295 323 ferro
1331 269 1445 323 tela
1477 273 1716 337 paratur,

278 363 379 401 nec
413 347 624 400 ratione
658 346 765 399 alia
799 351 1027 414 possunt
1062 350 1179 400 tam
1214 346 1356 399 levia
1390 345 1541 413 gigni

277 422 458 476 insilia
473 461 477 465 Α
492 440 554 477 00
587 423 694 483 fusi
729 422 873 476 radii
910 423 1170 491 scapique
1205 425 1477 476 sonantes

279 503 338 553 et
370 500 551 554 facere
586 501 714 553 ante
748 499 892 553 viros
927 498 1105 553 lanam
1140 500 1338 552 natura
1374 499 1554 567 coegit

225 583 230 612 2
279 591 443 643 quam
465 575 732 629 muliebre
754 592 958 643 genus;
982 592 1110 629 nam
1134 575 1295 642 longe
1318 578 1566 644 praestat
1588 574 1645 628 in
1669 578 1792 631 arte
1890 591 1987 631 1355

279 656 339 707 et
374 651 647 705 sollertius
683 654 770 706 est
804 652 979 706 multo
1015 668 1189 721 genus
1226 667 1385 705 omne
1421 651 1607 718 virile3

279 727 548 796 agricolae
588 727 761 780 donec
796 726 930 780 vitio
965 729 1183 781 vertere
1219 727 1411 795 severi,

277 805 342 856 ut
377 802 733 857 muliebribus
768 803 829 856 id
862 803 1115 857 manibus
1152 804 1457 857 concedere
1492 803 1699 859 vellent

277 882 445 948 atque
478 879 583 948 ipsi
619 880 828 949 pariter
865 880 1066 933 durum
1104 880 1333 933 sufferre
1369 878 1613 932 laborem

275 959 445 1026 atque
469 973 635 1024 opere
657 956 714 1008 in
738 957 878 1010 dur‘o
904 956 1171 1009 durarent
1194 953 1444 1007 membra
1468 970 1785 1024 manusque.
1890 972 1988 1011 1300

348 1033 430 1085 At
466 1033 739 1100 specimen
778 1033 1004 1085 sationis
1040 1034 1100 1084 et
1137 1030 1407 1083 insitionis
1443 1029 1597 1098 erigo

276 1106 400 1175 ipsa
432 1107 541 1160 fuit
575 1124 759 1161 rerum
794 1108 1032 1177 primum
1067 1109 1265 1160 natura
1300 1106 1556 1174 creatrix,

278 1181 568 1237 arboribus
602 1183 857 1251 quoniam
892 1182 1062 1237 bacae
1097 1181 1438 1251 glandesque
1474 1181 1713 1237 caducae

277 1260 608 1329 tempestiva
643 1258 853 1313 dabant
888 1259 1161 1328 pullorum
1198 1258 1449 1312 examina
1483 1262 1704 1328 supter;

275 1334 425 1389 unde
459 1336 626 1389 etiam
660 1334 935 1389 libitumst
970 1334 1159 1404 stirpis
1193 1335 1535 1389 committere
1572 1334 1740 1388 ramis
1893 1349 1989 1387 1305

278 1414 339 1465 et
371 1427 512 1465 nova
548 1411 808 1465 defodere
842 1412 900 1465 in
937 1415 1143 1465 terram
1180 1410 1421 1479 virgulta
1454 1428 1555 1480 per
1590 1427 1766 1479 agros.

277 1486 408 1542 inde
441 1487 605 1541 aliam
642 1491 809 1556 atque
844 1488 1007 1541 aliam
1044 1487 1315 1541 culturam
1352 1487 1528 1542 dulcis
1562 1487 1725 1554 agelli

278 1564 624 1632 temptabant
656 1564 978 1633 fructusque
1013 1563 1162 1617 feres
1197 1580 1576 1618 mansuescere
1613 1567 1820 1617 terram

277 1640 574 1695 cernebant
610 1640 945 1707 indulgendo
982 1639 1297 1710 blandeque
1330 1641 1571 1694 colende.

273 1716 443 1785 inque
479 1717 598 1770 dies
632 1717 806 1784 magis
841 1717 896 1769 111
930 1720 1174 1770 montem
1210 1717 1505 1771 succedere
1540 1716 1704 1771 silvas
1893 1729 1989 1770 1370

279 1792 548 1860 cogebant
581 1792 831 1860 infraque
867 1792 1045 1846 lecum
1081 1792 1382 1846 concedere
1418 1792 1596 1860 cultiS,

277 1871 440 1937 prata
474 1867 623 1921 lacus
660 1868 803 1920 rivos
839 1871 1056 1935 segetes
1090 1869 1384 1935 vinetaque
1418 1867 1566 1920 laeta

277 1943 503 1998 collibus
540 1947 599 1998 et
634 1943 839 2012 campis
874 1950 938 1996 ut
974 1942 1256 2008 haberent,
1293 1946 1463 2012 atque
1499 1942 1741 1997 olearum

279 2020 495 2080 merula
529 2019 871 2087 distinguens
906 2020 1050 2072 inter
1083 2019 1246 2087 plaga
1281 2035 1502 2083 currere
1537 2023 1726 2088 posset

277 2111 379 2165 per
413 2096 653 2150 tumulos
689 2099 746 2150 et
783 2095 1041 2149 convallis
1078 2090 1704 2164 camposque’profusa;
1888 2109 1986 2150 1375

277 2173 344 2224 ut
376 2186 521 2225 nunc
557 2187 677 2225 esse
712 2170 866 2224 vides
900 2169 1050 2223 vario
1087 2171 1351 2224 distincta
1385 2171 1572 2241 lepore

278 2247 471 2316 omnia,
507 2264 651 2317 quae
685 2247 862 2316 pomis
897 2247 1153 2300 intersita
1188 2246 1439 2301 dulcibus
1476 2249 1673 2301 ornant

276 2323 626 2393 arbustisque
661 2327 857 2378 tenent
891 2323 1140 2377 felicibus
1178 2323 1359 2392 opsita
1393 2323 1608 2378 circum.

347 2398 456 2469 [At
489 2400 726 2467 liquidas
761 2401 940 2454 avium
975 2416 1138 2454 voces
1171 2399 1440 2454 imitarier
1475 2416 1570 2452 ore

278 2479 407 2530 ante
439 2475 547 2529 fuit
580 2476 755 2529 multo
792 2492 957 2544 quam
991 2476 1137 2530 levia
1170 2477 1411 2530 carmina
1446 2479 1609 2530 cantu
1892 2493 1988 2531 1390

279 2551 661 2606 concelebrare
695 2551 945 2605 homines
978 2556 1204 2621 possent
1238 2553 1494 2622 aurisque
1531 2553 1733 2607 iuvare.

279 2631 339 2682 et
373 2627 608 2698 zephyri,
644 2644 778 2681 cava
811 2644 913 2697 per
949 2628 1296 2695 calamorum,
1333 2628 1489 2682 sibila
1523 2630 1762 2697 primum

280 2703 515 2771 agrestis
550 2702 785 2757 docuere
820 2720 981 2758 cavas
1016 2705 1208 2758 inflare
1244 2705 1465 2758 cicutas.
1578 2719 1582 2724 ·

278 2779 409 2833 111ᾰο
445 2779 757 2833 minutatim
793 2779 966 2834 dulcis
1000 2779 1246 2835 didicere
1283 2780 1569 2849 querellas,

279 2854 418 2909 tibia
453 2872 589 2925 quas
623 2855 805 2909 fundit
840 2855 1031 2923 digitis
1064 2857 1282 2926 pulsata
1316 2860 1621 2924 canentum,
1891 2868 1986 2909 1385

280 2931 403 2985 avia
434 2948 534 2999 per
568 2947 791 2985 nemora
826 2948 890 2986 ae
927 2932 1089 2985 silvas
1124 2932 1407 3002 saltusque
1443 2934 1680 3000 reperta,

275 3023 378 3078 per
410 3007 529 3061 loca
561 3012 841 3077 pastorum
879 3008 1101 3063 deserta
1135 3011 1305 3078 atque
1340 3009 1452 3063 etia
1486 3008 1593 3062 dia.

279 3105 350 3139 810
372 3107 755 3148 UNUMQUICQUID
777 3108 1024 3143 PAULATIM
1048 3107 1321 3141 mortuum
1346 3109 1500 3143 AETAS

279 3172 336 3206 m
358 3172 557 3207 numm:
580 3176 823 3217 minctum
847 3176 898 3210 m
918 3176 1127 3210 unum
1150 3175 1298 3209 mun·
1319 3177 1441 3211 OBAS
