2259 3442
248 116 326 173 84
1046 108 1157 166 III

246 223 414 287 atque
446 217 614 271 ctiam
651 214 847 285 potius,
883 214 931 268 si
965 220 1260 283 numquam
1297 213 1373 267 sis
1408 211 1736 279 moriturus?

246 295 380 364 quid
416 292 826 362 respondemus,
862 289 968 344 nisi
1000 291 1203 343 iustam
1239 289 1528 344 intendere
1563 288 1717 342 litem
1881 298 1956 340 950

248 376 500 424 naturam
537 372 596 423 et
631 384 815 423 veram
853 367 1036 420 verbis
1072 383 1349 434 exponere
1385 383 1603 419 eausam
1619 366 1638 419 ‘l

159 466 223 497 ωε
246 445 507 515 grandior
541 445 631 499 hic
664 461 793 499 vero
830 444 876 497 si
911 444 1021 496 iam
1057 443 1348 512 seniorque
1386 449 1653 511 queratur

172 544 225 575 ,ω
248 526 418 590 atque
454 522 663 576 obitum
701 521 1033 574 lamentetur
1066 519 1235 573 miser
1272 519 1508 588 amplius
1543 533 1732 586 aequo,

248 615 355 652 non
389 599 588 653 merito
622 597 880 651 inclamet
914 597 1089 665 magis
1125 599 1185 650 et
1219 612 1350 650 voce
1386 597 1633 663 increpet
1666 592 1814 648 acri?

159 693 224 724 954
247 676 260 701 ‘
272 676 427 728 aufer
444 673 641 728 abhinc
657 674 923 741 lacrimas,
942 672 1171 740 balatrn,
1191 675 1250 726 et
1268 688 1554 741 compesce
1569 669 1856 738 querellas,
1879 682 1952 722 955

249 749 430 804 omnia
464 750 783 819 perfunctus
819 749 952 803 vitai
987 749 1233 818 praemia
1266 764 1490 802 marces.

248 826 350 881 sed
384 826 513 895 quia
548 843 764 895 semper
799 842 926 880 aves
960 825 1110 894 quod
1147 825 1317 891 abest,
1355 822 1668 893 praesentia
1702 821 1918 889 temnis,

246 903 554 973 inperfecta
588 902 692 956 tibi
729 902 968 972 elapsast
1002 902 1328 970 ingrataque
1364 901 1478 954 vita

247 984 308 1034 et
343 996 444 1034 nec
479 979 721 1049 opinanti
756 995 903 1032 mors
938 978 1010 1031 ad
1045 982 1211 1047 eaput
1244 977 1464 1031 adstitit
1499 979 1628 1030 ante

246 1074 410 1125 quam
447 1061 600 1110 satur
634 1072 697 1110 ac
729 1056 924 1125 plenus
957 1055 1136 1125 possis
1172 1053 1455 1108 discedere
1491 1069 1692 1107 rerum.
1881 1066 1956 1106 90)

51 1184 178 1222 mu„
194 1160 212 1187 x
246 1150 391 1187 nunc
424 1133 601 1187 aliena
634 1136 733 1187 tua
766 1136 952 1187 tamen
987 1135 1172 1185 aetate
1208 1131 1390 1184 omnia
1423 1130 1584 1184 mitte

91 1252 98 1269 ι
135 1192 422 1325 jacquo
456 1211 747 1279 animoque
781 1209 1018 1278 agedum
1043 1207 1305 1281 humanis
1340 1207 1605 1262 concede:
1641 1204 1952 1259 necessest!

109 1251 206 1331 Juv-
246 1287 379 1351 iure,
414 1290 479 1340 ut
514 1287 719 1356 opinor,
757 1289 901 1354 agat,
936 1285 1056 1338 iure
1093 1285 1340 1353 increpet
1375 1283 1684 1351 inciletque.

248 1364 399 1418 cedit
434 1364 577 1417 enim
613 1380 797 1417 rerum
834 1362 1079 1415 novitate
1115 1366 1341 1415 extrusa
1378 1364 1622 1414 vetustas

248 1457 480 1509 semper,
517 1444 577 1494 et
613 1455 681 1492 ex
717 1438 837 1491 aliis
874 1437 1024 1490 aliud
1060 1453 1320 1505 reparare
1356 1439 1647 1489 necessest.
1880 1449 1953 1487 9⁶5

246 1532 349 1570 nec
383 1515 669 1584 quisquam
706 1514 761 1566 in
796 1512 1121 1566 barathrum
1157 1528 1256 1565 nce
1293 1511 1520 1565 Tartara
1555 1510 1779 1563 deditur
1812 1514 1950 1564 atra.

246 1590 505 1644 materies
540 1606 675 1658 opus
712 1592 796 1643 est
831 1594 895 1642 ut
929 1593 1179 1642 crescant
1214 1590 1436 1655 postera
1472 1587 1676 1652 saecla3

248 1684 391 1735 quae
424 1669 608 1720 tamen
645 1666 825 1720 onmia
859 1670 917 1720 tc
953 1665 1066 1720 vita
1099 1666 1391 1734 perfuncta
1428 1666 1756 1732 sequentur3

246 1761 348 1798 nec
370 1744 549 1801 minus
572 1760 703 1812 crgo
727 1749 855 1797 ante
880 1743 1014 1796 haee
1036 1759 1200 1810 quam
1226 1746 1290 1796 tu
1314 1741 1576 1810 cecidere,
1600 1740 1927 1809 cadentque.

249 1821 327 1874 sic
362 1819 475 1874 alid
509 1836 579 1875 ex
616 1820 721 1875 alio
756 1836 1051 1889 numquam
1090 1817 1323 1873 desistet
1356 1817 1489 1872 oriri
1878 1832 1953 1872 970

248 1898 474 1966 vitaque
508 1897 776 1965 mancipio
812 1896 946 1950 nulli
981 1896 1164 1964 datur,
1201 1895 1455 1951 onmibus
1487 1912 1606 1951 usu.

248 1974 460 2040 respice
494 1974 631 2028 item
665 1991 829 2044 quam
865 1974 939 2027 nil
977 1973 1048 2027 ad
1084 1989 1184 2027 nos
1219 1978 1472 2028 anteacta
1505 1976 1753 2028 vetustas

250 2050 512 2119 temporis
547 2050 756 2105 aeterni
790 2050 972 2116 fuerit,
1008 2068 1172 2119 quarn
1209 2049 1479 2103 nascimur
1514 2055 1664 2103 ante.

248 2126 352 2180 hoc
386 2127 555 2195 igitur
590 2127 866 2195 speculum
904 2126 1060 2180 nobis
1094 2131 1294 2179 natura
1326 2125 1500 2178 futuri

248 2203 513 2272 temporis
550 2204 773 2272 exponit
805 2207 933 2271 post
968 2206 1202 2256 mortem
1240 2202 1477 2269 denique
1511 2204 1774 2254 nostram.
1878 2215 1952 2254 975

250 2280 517 2349 numquid
551 2279 631 2333 ibi
667 2279 926 2332 horribile
961 2282 1204 2347 apparet,
1241 2294 1370 2330 num
1408 2278 1568 2330 triste
1604 2277 1826 2331 videtur
1866 2337 1872 2341 ⁴

249 2357 558 2426 quiequam,
593 2372 700 2408 non
737 2354 883 2407 omni
920 2370 1108 2407 somno
1147 2353 1389 2407 securius
1425 2354 1640 2407 exstat?

321 2433 510 2502 Atque
534 2447 600 2486 ea
623 2431 875 2484 nimirum
901 2446 1275 2499 quaecumque
1302 2429 1621 2485 Acherunte
1643 2431 1916 2500 profundo

247 2508 470 2579 prodita
505 2512 633 2562 sunt
667 2524 801 2573 esse,
837 2507 892 2560 in
929 2507 1042 2560 vita
1078 2510 1208 2560 sunt
1243 2508 1425 2560 omnia
1458 2506 1629 2561 nobis,

249 2604 349 2644 nec
384 2586 550 2640 miser
585 2584 889 2654 inpendens
924 2601 1181 2652 magnum
1219 2584 1382 2637 timet
1416 2600 1544 2637 acre
1582 2601 1772 2638 saxum
1875 2597 1948 2637 98⁰

251 2663 527 2729 Tantalus,
564 2667 626 2716 ut
658 2661 872 2726 famast,
910 2659 1388 2730 cassassormidine
1424 2664 1681 2729 torpens;

248 2740 351 2794 sed
384 2740 559 2808 magis
595 2739 650 2792 in
686 2739 798 2793 vita
834 2738 1015 2792 divom
1053 2744 1235 2792 metus
1269 2740 1429 2805 urget
1466 2737 1639 2790 inanis

246 2816 495 2870 mortalis
529 2832 824 2883 casumque
862 2815 1058 2869 timent
1092 2831 1255 2883 quem
1293 2814 1488 2882 cuique
1524 2813 1667 2866 ferat
1700 2812 1828 2867 fors,

247 2909 350 2946 nec
385 2893 578 2960 Tityon
622 2892 866 2946 volucres
902 2893 1093 2946 ineunt
1132 2890 1451 2944 Acherunte
1487 2888 1752 2942 iacentem

248 2985 351 3023 nec
384 2969 532 3037 quod
567 2968 669 3021 sub
704 2985 900 3037 magno
936 2970 1251 3022 scrutentur
1284 2970 1506 3034 pectore
1541 2965 1829 3034 quicquam
1876 2978 1951 3018 985

247 3049 570 3115 perpetuam
605 3050 845 3099 aetatem
881 3048 1111 3113 possunt
1147 3043 1388 3112 reperire
1424 3041 1685 3111 profecte.

248 3120 553 3175 nuamlibet
585 3121 808 3175 immani
843 3121 1093 3189 proiectu
1127 3119 1372 3187 corporis
1408 3122 1605 3182 exstet,

379 3215 486 3252 non
523 3195 636 3251 sola
670 3213 862 3250 novem
901 3195 1166 3264 dispessis
1203 3195 1393 3261 iugera
1426 3194 1689 3249 membris
