2259 3442
1065 126 1116 176 vi

346 263 439 311 121
513 267 717 308 EDENs
791 255 1174 310 Lachmannus
1197 253 1392 307 eidem.

342 342 476 396 Post
512 348 607 396 189
636 358 745 395 non
777 340 972 395 dubito
1005 340 1139 408 quin
1162 338 1324 392 huius
1352 338 1471 392 fero
1495 336 1644 391 modi
1674 336 1943 391 exciderit

236 445 429 482 vcrsus
452 428 566 481 Res
586 428 864 494 quoniam
900 433 1156 481 crescunt
1191 443 1381 480 omnes
1416 433 1467 481 et
1503 432 1751 492 tempore
1779 430 1939 478 certo,

237 513 483 566 conferas
517 513 679 566 velim
715 529 856 580 quac
891 512 948 565 in
984 512 1160 565 annal.
1197 511 1456 581 philolog.
1493 508 1753 564 Cantabr.
1778 524 1801 562 1
1838 511 1960 565 374·

238 597 441 666 scripsi.
515 590 894 650 Lachmannus
917 603 982 650 ut
1002 614 1125 665 par
1148 587 1228 651 θεέ
1257 595 1467 650 semine
1500 602 1645 650 certo
1672 596 1940 663 Crescere,

239 697 431 748 resque
467 698 644 749 qenus
689 688 956 747 servant‚·
1007 682 1177 736 editio
1229 681 1465 752 Iuntina,
1514 697 1678 750 quam
1724 680 1944 751 plurimi

238 766 410 820 secuti
434 769 577 834 sunt,
599 783 700 836 pro
724 774 1019 820 crescentes
1041 766 1211 820 habet
1235 767 1539 820 crescendo,

342 857 445 905 230
513 869 615 921 pro
652 865 851 904 LONGE
893 853 1253 922 Bernaysium
1291 856 1513 907 secutus
1548 853 1702 919 larqe
1736 849 1942 920 scripsi.

240 936 617 992 Lachmannus
651 945 976 1006 extentaque
1010 940 1182 1007 lonqe.
1254 940 1301 993 si
1335 940 1423 994 vel
1457 940 1643 995 marei
1677 938 1945 1007 inqenuei

239 1021 492 1090 scribere,
519 1023 607 1077 vel
633 1023 880 1079 dativum
902 1027 1070 1079 mar&
1093 1025 1369 1093 Lucreti0‚
1404 1026 1499 1096 qui
1521 1029 1707 1080 tamen
1730 1041 1760 1078 e
1782 1028 1946 1079 mar&

239 1107 397 1178 dixit,
413 1108 692 1178 adfingere
715 1110 920 1179 liceret,
933 1111 1172 1166 libenter
1201 1112 1502 1166 conicerem
1532 1113 1696 1167 Unde
1713 1128 1939 1166 mare...

238 1195 414 1264 lonqo.
489 1195 565 1250 sic
598 1196 656 1249 in
691 1202 791 1251 326
825 1213 1044 1265 quoque
1078 1214 1243 1251 mare
1263 1214 1407 1266 quae
1438 1199 1750 1267 inpendent
1786 1214 1945 1268 expe-

240 1280 456 1335 diretur
487 1282 676 1336 oratic.
748 1281 1045 1336 Crcechius
1082 1285 1156 1350 et,
1192 1283 1342 1353 quod
1366 1284 1548 1353 miror,
1575 1284 1861 1338 Bentleius
1886 1287 1943 1338 et

241 1366 570 1435 Bernaysius
603 1385 765 1422 mare
791 1384 894 1438 pro
924 1369 1232 1423 accusativo
1260 1369 1467 1424 habere
1501 1370 1773 1424 videntur.
1842 1368 1946 1422 hoc

239 1450 343 1506 loci
389 1452 678 1521 sententia,
727 1452 939 1507 collatis
992 1454 1060 1508 iis
1109 1472 1254 1524 quae
1302 1454 1644 1524 praecedunt
1696 1459 1754 1509 et
1802 1474 1945 1525 quae

240 1542 515 1609 secuntur,
552 1543 612 1594 et
658 1554 707 1593 11
754 1544 874 1608 590,
919 1541 1200 1609 postulare
1247 1540 1484 1609 videtur,
1531 1540 1752 1608 linguae
1799 1543 1944 1596 ratio

240 1625 468 1692 respuit.

344 1712 442 1766 271
515 1726 616 1779 pro
664 1721 888 1762 coR'ms
935 1710 1127 1779 scripsi
1179 1718 1404 1779 portus,
1464 1714 1684 1765 secutus
1741 1710 1942 1764 librum

241 1797 402 1852 Laur.
433 1797 569 1866 plut.
604 1813 757 1851 xxxv
786 1802 863 1851 31.
937 1797 1318 1851 Lachinannus
1352 1802 1554 1850 cautes,
1623 1794 1784 1848 multi
1819 1812 1942 1849 cuin

239 1884 327 1939 ed.
358 1885 507 1938 Iunt.
523 1889 785 1952 pontum.

344 1976 445 2026 289
516 1987 617 2040 pro
664 1980 809 2021 RUIT
843 1980 962 2027 QUA
1009 1967 1095 2022 bls
1148 1966 1367 2036 scriptis
1426 1965 1690 2020 extremis
1739 1963 1944 2018 litteris

240 2058 415 2125 ruitq.
438 2075 590 2126 aqua
615 2056 763 2111 dedi.
836 2055 1216 2109 Lachmannus
1241 2054 1475 2120 ruitque
1498 2053 1597 2106 ita.

343 2145 442 2197 321
516 2159 617 2213 pro
647 2149 897 2192 SPEOIEM
935 2139 1062 2192 olim
1103 2138 1308 2191 conieci
1331 2153 1487 2203 spem
1524 2150 1761 2202 omnem,
1795 2134 1944 2203 quod

240 2244 312 2282 ne
333 2244 477 2281 nunc
501 2225 726 2295 quidem
750 2223 1012 2293 improbo,

346 2320 447 2370 356
518 2328 619 2381 pro
642 2320 893 2363 POSSENT
919 2308 1111 2377 scripsi
1127 2307 1352 2375 possint
1366 2326 1392 2372 ;
1429 2310 1751 2377 mutataque
1777 2308 1944 2362 inter-

240 2401 538 2472 punctione
598 2396 929 2452 sententiam
987 2394 1287 2464 planiorem
1346 2393 1467 2449 feci.
1560 2394 1626 2447 cf.
1678 2394 1943 2463 Madvigii

240 2487 453 2542 emend.
479 2485 687 2540 Livian.
718 2501 770 2553 p.
795 2487 897 2536 302
925 2482 1160 2535 ‘formae
1192 2497 1301 2534 una
1322 2481 1492 2534 vocali
1520 2481 1793 2537 distantes
1817 2499 1945 2552 pos-

240 2590 370 2642 sem,
386 2571 618 2641 possim,
628 2574 827 2637 posset,
838 2569 1020 2637 possit
1034 2569 1306 2636 perpetuo
1325 2584 1511 2621 errore
1528 2568 1942 2637 permutantur'.

242 2667 621 2720 Lachmannus
656 2661 823 2727 Quod
846 2679 902 2716 n.
938 2661 976 2715 i.
1001 2661 1136 2728 sint,
1161 2677 1209 2727 q.
1232 2677 1293 2728 p.
1316 2678 1357 2715 c.
1382 2677 1431 2728 q.
1477 2660 1753 2714 Transire
1786 2660 1947 2731 haud

242 2769 295 2805 u.
329 2754 385 2817 ,Ιῖ
418 2769 468 2805 r.
504 2751 762 2814 videres‚·
812 2748 961 2820 quod
994 2747 1085 2802 vix
1122 2747 1380 2801 Latinum
1417 2746 1674 2810 videtum
1719 2736 1943 2814 prorsus

241 2837 387 2892 enim
421 2836 702 2891 diversum
728 2839 815 2890 est
866 2851 901 2888 v
923 2839 1043 2893 276.
1113 2837 1215 2891 357
1248 2832 1506 2903 quadrati
1529 2842 1846 2883 VALERENT
1872 2847 1942 2884 ex

240 2924 520 2992 geminata
541 2935 698 2975 ULLA
723 2926 782 2976 ct
805 2933 1005 2974 FIEREI
1030 2925 1212 2976 ortum
1235 2920 1467 2974 videtur.

345 3013 446 3068 367
518 3011 605 3065 ed.
630 3011 778 3065 Iunt.
815 3013 969 3063 recte
991 3008 1160 3062 vacui
1190 3008 1398 3060 minus.
1472 3002 1660 3071 quadr.
1698 3005 1756 3056 et
1793 3001 1942 3056 sche-

241 3095 346 3151 dae
359 3109 595 3151 VACUIM
619 3109 826 3150 MINUS.
880 3095 1261 3149 Lachmannus
1284 3109 1408 3146 cum
1426 3090 1660 3159 oblongo
1681 3106 1939 3144 vacuum.

344 3186 448 3237 434
481 3185 540 3237 et
576 3188 678 3238 435
725 3180 1161 3250 trans;‹›11cndos
1204 3196 1325 3236 esse
1369 3179 1500 3234 ante
1536 3176 1940 3233 Lachmannum
