2259 3442
1085 105 1235 163 1111
1905 110 2015 171 101

308 229 469 280 quam
508 212 755 266 manibus
789 211 1079 267 manifesta
1114 212 1228 265 suis
1263 212 1516 267 emittere
1551 230 1826 284 quoquam

311 293 369 344 et
404 290 606 343 violare
643 289 810 343 fidem
847 288 1077 357 primam
1116 292 1176 343 et
1212 288 1516 345 convellere
1551 295 1672 346 tota
1922 309 2019 348 ,505

307 366 668 421 fundamenta
704 365 899 435 quibus
936 365 1160 421 nixatur
1195 366 1308 419 vita
1343 367 1610 436 salusque.

309 461 417 497 non
455 443 618 497 modo
655 443 800 496 enim
837 441 979 496 ratio
1015 447 1142 496 ruat
1178 445 1366 511 omnis,
1403 446 1517 499 vita
1551 464 1771 517 quoque
1806 448 1927 517 ipsa

310 520 559 576 concidat
596 520 887 590 extempIO,
922 520 1027 574 nisi
1063 520 1289 575 credere
1326 522 1572 576 sensibus
1608 525 1755 578 ausis

309 598 731 667 praecipitisque
768 597 913 652 locos
949 598 1125 652 vitare
1163 601 1220 652 et
1255 602 1441 654 cetera
1477 617 1619 669 quae
1655 602 1765 656 sint

309 674 368 727 in
400 691 603 743 genere
638 675 749 728 hoc·
772 675 1046 743 fugienda,
1086 677 1243 745 sequi
1278 672 1551 732 contraria
1587 690 1728 748 quae
1763 678 1888 733 sint.
1945 683 2021 733 5'10

310 751 405 805 illa
440 751 542 806 tibi
581 756 667 806 cst
701 752 872 819 igitur
909 753 1201 807 verborum
1239 756 1393 824 copia
1427 772 1580 810 cassa

310 829 486 883 omnis
522 847 662 899 quae
698 834 891 884 contra
926 846 1116 884 sensus
1151 831 1422 886 instructa
1455 837 1715 902 paratast.

311 905 549 974 denique
583 910 648 960 ut
683 906 740 960 in
775 907 998 977 fabrica,
1034 908 1079 961 si
1112 912 1340 978 pravast
1374 909 1564 977 regula
1597 909 1792 978 prima,

311 998 609 1050 normaque
646 984 693 1036 si
727 983 895 1037 fallax
930 985 1096 1039 rectis
1131 985 1449 1053 regionibus
1485 986 1614 1050 exit,

310 1063 371 1112 et
406 1058 588 1112 libella
625 1059 807 1129 aliqua
842 1061 887 1114 si
924 1077 994 1114 ex
1027 1060 1176 1129 parti
1212 1060 1486 1115 claudicat
1518 1060 1705 1130 hilum,
1948 1078 2021 1116 515

312 1135 495 1188 omnia
529 1135 789 1189 mendose
819 1136 940 1190 fieri
976 1141 1145 1204 atque
1181 1136 1400 1206 obstipa
1433 1153 1657 1191 necesse
1695 1140 1782 1190 est

309 1227 480 1280 prava
514 1212 774 1265 cubantia
809 1229 979 1281 prona
1015 1213 1208 1281 supina
1245 1217 1413 1283 atque
1447 1214 1651 1267 absona
1687 1217 1850 1281 tecta,

311 1287 422 1341 iam
456 1305 616 1342 ruere
651 1291 715 1342 ut
752 1289 1025 1358 quaedam
1059 1289 1355 1345 videantur
1387 1289 1541 1356 velle,
1580 1292 1858 1358 ruantque

310 1364 533 1434 prodita
568 1365 782 1418 iudiciis
816 1365 1097 1420 fallacibus
1134 1369 1314 1421 omnia
1347 1367 1552 1436 primis,

311 1441 390 1495 sic
424 1442 592 1510 igitur
626 1442 768 1496 ratio
803 1442 908 1496 tibi
945 1459 1127 1497 rerum
1164 1461 1332 1513 prava
1365 1447 1644 1499 necessest
1948 1459 2021 1498 520

309 1515 555 1588 falsaque
592 1518 680 1587 sit,
716 1519 870 1573 falsis
908 1536 1285 1591 quaecumque
1321 1521 1391 1575 ab
1429 1521 1676 1576 sensibus
1712 1525 1903 1577 ortast.

381 1594 434 1648 N
435 1612 540 1648 unc
575 1595 666 1648 alii
705 1613 897 1650 sensus
933 1614 1041 1666 quo
1077 1601 1238 1666 pacto
1276 1598 1508 1668 quisque
1545 1615 1699 1652 suam
1724 1615 1843 1653 rem

314 1672 531 1738 sentiat,
569 1671 992 1742 haudquaquam
1028 1674 1171 1727 ratio
1209 1691 1469 1745 scruposa
1503 1675 1696 1729 relicta
1730 1680 1832 1730 est.

385 1747 655 1816 Principio
693 1749 917 1802 auditur
952 1766 1116 1804 sonus
1153 1754 1212 1805 et
1248 1767 1354 1804 vox
1388 1752 1578 1818 omnis,
1614 1752 1671 1804 in
1697 1753 1856 1805 ‘auris

311 1823 585 1877 insinuata
620 1840 717 1876 suo
751 1824 1012 1894 pepulere
1045 1824 1143 1878 ubi
1180 1842 1408 1894 corpore
1445 1844 1676 1881 sensum.
1948 1843 2022 1880 535

312 1915 627 1968 corpoream
665 1894 849 1954 vocem
885 1918 1103 1970 quoque
1141 1902 1286 1955 enim
1323 1907 1576 1957 constare
1609 1904 1952 1958 fatendumst

313 1979 372 2029 et
408 1976 660 2042 sonitum,
698 1977 951 2044 quoniam
988 1980 1220 2047 possunt
1254 1978 1520 2047 inpellere
1556 1995 1762 2033 sensus.

311 2055 601 2122 praeterea
635 2052 785 2106 radit
820 2069 925 2106 vox
959 2054 1144 2107 fauces
1179 2070 1345 2124 saepe
1380 2055 1622 2123 facitque

312 2130 591 2199 asperiora
623 2129 771 2183 foras
806 2130 1063 2198 gradiens
1100 2131 1304 2185 arteria
1340 2131 1555 2186 clamor.

312 2208 516 2276 quippe
551 2223 652 2279 per
681 2209 979 2279 'angustum
1017 2207 1183 2261 turba
1217 2208 1420 2261 maiore
1455 2213 1642 2264 coorta
1861 2229 1864 2233 ’
1949 2225 2024 2264 feo

310 2283 393 2337 ire
428 2284 575 2337 foras
609 2283 704 2336 ubi
742 2287 1038 2352 coeperunt
1073 2285 1375 2353 primordia
1411 2302 1620 2353 vocum,

311 2360 518 2415 scilicet
552 2360 758 2428 expleti
794 2378 1012 2430 quoque
1047 2361 1209 2415 ianua
1243 2362 1457 2416 raditur
1491 2364 1613 2417 oriS.

312 2436 462 2490 haud
496 2436 666 2504 igitur
701 2437 986 2492 dubiumst
1021 2439 1153 2507 quin
1189 2456 1348 2494 voces
1383 2440 1659 2508 verbaque
1694 2443 1951 2495 constent

314 2514 586 2580 corporeis
622 2531 654 2567 e
689 2514 984 2584 principiiS‚
1020 2519 1083 2569 ut
1116 2516 1340 2570 laedere
1374 2517 1599 2586 possint.

314 2606 414 2642 nec
448 2593 506 2642 te
540 2589 682 2643 fallit
716 2590 851 2643 item
888 2590 1024 2660 quid
1059 2593 1299 2661 eorporis
1336 2593 1550 2646 auferat
1584 2595 1644 2646 et
1679 2593 1813 2661 quid
1948 2608 2022 2647 ω

316 2664 574 2719 detrahat
610 2682 679 2718 ex
713 2665 993 2721 hominum
1030 2670 1209 2723 nervis
1244 2685 1308 2723 ac
1343 2668 1548 2722 viribus
1583 2668 1716 2738 ipsis

314 2745 617 2813 perpetuus
653 2759 829 2797 sermo
848 2742 1042 2810 *nigrai
1079 2746 1254 2800 noctis
1290 2746 1362 2799 ad
1397 2745 1646 2799 umbram

316 2835 543 2874 aurorae
578 2820 881 2889 perductus
917 2819 987 2873 ab
1023 2822 1308 2875 exoriente
1342 2823 1535 2888 nitore,

314 2897 638 2963 praesertim
676 2896 721 2949 si
756 2912 879 2950 cum
915 2900 1183 2951 summost
1217 2896 1451 2951 clamore
1486 2895 1754 2965 profusus.

314 2988 445 3040 ergo
481 2990 797 3043 corpoream
834 2990 1021 3028 vocem
1057 2978 1308 3029 constare
1341 2977 1632 3041 necessest,
1947 2987 2024 3028 σω

315 3049 487 3103 multa
520 3050 749 3119 loquens
785 3051 1039 3120 quoniam
1077 3051 1284 3105 amittit
1321 3050 1391 3104 de
1427 3066 1652 3120 corpore
1687 3051 1918 3119 partem.

227 3140 293 3173 m
314 3125 581 3193 asperitas
615 3131 800 3181 autem
836 3128 982 3181 vocis
1017 3128 1082 3182 fit
1117 3127 1189 3181 ab
1223 3127 1522 3197 asperitate

314 3199 698 3270 principiorum
735 3205 796 3256 et
828 3203 966 3257 item
1001 3203 1155 3258 levor
1188 3203 1371 3258 levore
1405 3206 1636 3258 creatur.
