2259 3442
252 115 327 172 22
1092 111 1123 165 Ι

246 219 308 271 ab
340 232 526 270 rerum
558 230 700 284 quae
736 217 879 268 sunt
897 213 1207 302 primordia,
1243 213 1403 281 plura
1437 212 1703 268 adhibere

18 330 105 376 33
247 296 476 362 possunt
510 293 659 346 unde
695 293 899 361 queant
933 290 1118 344 variae
1154 306 1245 344 res
1279 306 1528 359 quaeque
1562 290 1751 346 creari.

20 385 63 426 θ·
68 386 157 429 w-
175 390 241 439 W
254 401 288 434 2
316 370 369 423 N
372 386 476 423 une
511 371 570 422 et
607 369 967 436 Anaxagorae
1003 371 1311 422 scrutemur
1344 366 1781 422 homoeomerian
1872 381 1949 421 suo

248 463 412 515 quam
448 445 579 499 Grai
614 438 920 498 memorant
952 460 1054 498 nee
1088 447 1279 499 nostra
1313 442 1496 498 dieere
1531 443 1722 513 lingua

246 520 500 576 coneedit
532 518 689 574 nobis
723 519 889 589 patrii
924 520 1190 575 sermonis
1224 523 1456 589 egestas,

248 596 350 651 sed
382 600 567 651 tamen
604 596 781 665 ipsam
816 612 933 651 rem
969 596 1182 651 facilest
1215 613 1490 665 exponere
1524 595 1724 651 verbis.

246 672 527 742 principie,
564 689 750 727 rerum
783 689 947 740 quom
982 672 1118 727 dicit
1155 672 1605 740 homoeomerian,

113 814 121 825 ι
244 765 368 802 ossa
401 747 655 804 videlicet
690 765 722 803 e
756 749 1009 817 pauxillis
1040 751 1208 817 atque
1242 749 1466 803 minutis
1876 761 1951 801 835

58 844 169 898 ,Ee
245 824 460 879 ossibus
494 824 585 898 ¹319
618 829 676 880 et
713 824 787 878 de
820 824 1071 893 pauxillis
1107 828 1274 894 atque
1308 824 1535 879 minutis

244 900 541 957 visceribus
576 903 752 956 viscus
787 901 935 969 gigni
972 918 1328 971 sanguenque
1361 901 1534 956 creari

245 978 521 1046 sanguinis
554 979 699 1033 inter
735 994 795 1032 se
829 978 1017 1033 multis
1051 978 1358 1033 coeuntibu’
1396 976 1572 1047 guttis

244 1071 315 1110 ex
350 1057 578 1126 aurique
612 1059 773 1127 putat
807 1054 960 1109 micis
995 1056 1292 1111 consistere
1327 1071 1486 1126 posse

244 1148 438 1191 aurum
474 1137 533 1188 et
569 1133 640 1187 de
675 1132 840 1187 terris
874 1135 1080 1186 terram
1116 1148 1461 1186 concrescere
1495 1130 1693 1199 parvis,
1876 1142 1951 1182 sie

245 1208 465 1275 ignibus
499 1226 569 1263 ex
603 1209 757 1278 ignis,
795 1224 1040 1262 umorem
1075 1208 1359 1262 umoribus
1394 1224 1531 1274 esse,

244 1289 429 1339 cetera
462 1284 726 1339 consimili
761 1284 922 1351 fingit
956 1284 1169 1338 ratione
1205 1287 1491 1353 putatque.

241 1377 343 1413 nee
378 1365 562 1415 tamen
598 1376 717 1413 esse
752 1360 864 1412 ulla
897 1363 1057 1426 parte
1091 1360 1240 1412 idem
1275 1360 1330 1413 in
1365 1359 1529 1414 rebus
1566 1358 1726 1412 inane

241 1436 489 1489 concedit
524 1450 702 1502 neque
737 1434 1057 1500 corporibus
1094 1434 1257 1488 finem
1294 1451 1414 1488 esse
1450 1433 1714 1488 secandis.

243 1527 416 1580 quare
450 1511 508 1562 in
542 1512 779 1577 utraque
814 1508 945 1561 mihi
980 1508 1190 1576 pariter
1227 1510 1437 1563 ratione
1472 1508 1695 1563 videtur
1872 1526 1950 1565 84⁵

244 1602 429 1640 errare
463 1589 632 1653 atque
669 1584 762 1649 illi,
799 1599 965 1652 supra
1000 1599 1138 1652 quos
1175 1584 1412 1639 diximus
1446 1589 1591 1639 ante.

242 1661 388 1716 adde
424 1662 571 1730 quod
605 1660 856 1714 inbecilla
890 1659 1050 1714 nimis
1086 1660 1385 1730 primordia
1418 1661 1578 1729 fingit
1593 1682 1607 1727 ;
1793 1710 1800 1717 .

244 1738 290 1791 si
326 1737 625 1808 primordia
659 1740 798 1800 sunt,
834 1735 995 1790 simili
1031 1754 1172 1806 quae
1205 1737 1459 1807 praedita
1491 1740 1745 1794 constant

244 1819 442 1870 natura
476 1818 644 1884 atque
680 1814 829 1883 ipsae
865 1829 955 1868 res
992 1818 1120 1868 sunt
1155 1831 1441 1884 aequeque
1475 1815 1728 1870 laborant

244 1896 304 1947 et
337 1896 591 1981 pereunt·
609 1908 786 1961 neque
821 1891 892 1945 ab
929 1892 1096 1947 exitio
1132 1908 1222 1946 res
1255 1891 1367 1946 ulla
1400 1893 1653 1947 refrenat.
1872 1905 1949 1945 8⁵⁰

245 1985 370 2023 nam
405 1969 541 2038 quid
575 1968 632 2023 in
669 1985 807 2037 oppi
808 1985 934 2023 essu
969 1969 1151 2023 valido
1187 1968 1409 2024 durabit.
1444 1986 1647 2035 eorum,

241 2050 307 2100 ut.
341 2050 574 2099 mortem
611 2045 853 2114 effugiat,
890 2044 989 2099 leti
1026 2046 1127 2099 sub
1165 2045 1423 2100 dentibus
1457 2046 1656 2133 ipsis!

178 2184 219 2192 „-
243 2122 386 2189 ignis
410 2139 478 2174 an
500 2137 659 2174 umor
681 2137 752 2174 an
777 2122 943 2175 aura?
979 2121 1113 2189 quid
1135 2122 1363 2175 horum?
1401 2106 1656 2188 sanguen*
1666 2138 1735 2174 an
1759 2136 1909 2174 ossa.
1901 2121 1927 2159 θ

244 2198 336 2263 nil,
371 2200 436 2251 ut
471 2197 674 2264 opinor,
713 2197 806 2249 ubi
841 2212 908 2250 ex
946 2213 1122 2265 aequo
1158 2214 1248 2251 res
1282 2197 1529 2250 funditus
1563 2197 1739 2250 omnis

242 2276 357 2326 tam
393 2271 636 2325 mortalis
672 2273 780 2325 erit.
815 2288 977 2338 quam
1014 2288 1156 2340 quae
1189 2272 1480 2326 manifesta
1512 2271 1760 2325 videmus
1872 2285 1946 2325 855

243 2364 313 2401 ex
349 2348 518 2401 oculis
551 2347 753 2400 nostris
788 2348 971 2413 aliqua
1005 2349 1057 2400 vi
1092 2349 1237 2401 victa
1268 2348 1461 2416 perire.

243 2427 305 2477 at
340 2438 516 2490 neque
551 2422 825 2476 reccidere
859 2422 934 2475 ad
968 2424 1132 2477 nilum
1171 2440 1261 2477 res
1296 2439 1455 2493 posse
1489 2440 1669 2494 neque
1703 2426 1888 2478 autem

242 2515 488 2553 erescere
521 2498 593 2553 de
628 2499 738 2552 nilo
773 2503 950 2553 testor
984 2515 1074 2554 res
1108 2506 1238 2555 ante
1273 2501 1544 2570 probatas.

243 2579 534 2645 praeterea
567 2576 817 2643 quoniam
854 2574 1010 2630 cibus
1043 2580 1211 2645 auget
1244 2594 1441 2646 corpus
1474 2579 1698 2648 alitque,

243 2652 381 2706 seire
416 2652 546 2706 lieet
580 2651 738 2707 nobis
772 2668 937 2707 venas
972 2657 1032 2707 et
1067 2670 1304 2722 sanguen
1342 2658 1401 2709 et
1434 2672 1557 2709 ossa
1872 2666 1948 2707 seo

230 2721 973 2831 Jawuwdausswyuu
984 2732 1396 2801 aphnau-ww
1453 2734 1622 2785 442⁴..
1709 2724 2084 2784 Laml-sf-ue

241 2820 357 2858 sive
391 2803 538 2858 cibos
572 2821 746 2859 onnus
781 2808 1076 2861 commixto
1110 2824 1336 2876 corpore
1371 2808 1556 2863 dicent.

241 2896 362 2934 esse
398 2883 458 2934 et
492 2880 695 2936 habere
729 2883 786 2935 in
823 2900 883 2937 se
917 2901 1207 2938 nervorum
1241 2900 1468 2953 corpora
1500 2899 1669 2953 parva

239 2972 473 3024 ossaque
510 2960 568 3011 et
603 2958 821 3012 omnino
856 2976 1021 3014 venas
1055 2961 1341 3029 partisque
1375 2961 1598 3025 cruoris,

237 3031 338 3101 fiet.
371 3032 456 3086 uti
492 3031 645 3087 cibus
680 3035 871 3103 omnis,
906 3040 966 3090 et
1001 3037 1192 3091 aridus
1229 3041 1286 3091 et
1322 3036 1500 3105 liquor
1533 3036 1668 3105 ipse,

241 3125 312 3163 ex
346 3108 665 3178 alienigenis
700 3110 866 3165 rebus
901 3117 1157 3168 constare
1191 3117 1437 3184 putetur,
1871 3127 1946 3167 οὔ

166 3196 175 3205 “
241 3183 455 3240 «ambus
488 3188 549 3241 et
582 3186 764 3241 nervis
799 3187 1058 3258 sanieque
1093 3194 1154 3244 et
1188 3188 1449 3257 sanguine
1482 3190 1670 3245 mixte.

584 3308 733 3339 '‘''
854 3317 949 3371 So
