2259 3442
1127 85 1190 141 V
1886 88 2000 167 153

295 204 399 244 nee
431 190 609 244 minus
643 192 871 257 argento
906 191 1087 244 faeere
1122 188 1258 243 haee
1293 205 1534 258 auroque
1568 190 1840 259 parabant

295 282 460 334 quam
495 265 663 319 validi
698 266 934 333 primum
970 265 1226 319 violentis
1260 264 1466 318 viribus
1501 266 1660 333 aeris,
1906 280 2002 321 1270

292 342 638 412 nequiquam,
677 341 930 410 quoniam
966 341 1202 396 cedebat
1239 342 1385 396 victa
1419 345 1665 410 potestas

291 436 392 473 nec
426 422 647 488 poterat
681 418 891 487 pariter
927 418 1127 471 durum
1166 418 1394 473 sufferre
1431 418 1687 472 laborem.

292 498 412 549 tum
448 494 553 549 fuit
588 496 643 547 in
677 495 857 563 pretio
892 496 1066 563 magis
1101 512 1192 549 aes
1228 511 1529 564 aurumque
1563 494 1776 549 iacebat

292 575 519 640 propter
553 570 910 625 inutilitatem
946 570 1131 625 hebeti
1171 588 1428 625 mucrone
1465 574 1726 640 retusum.

293 664 438 702 nune
451 647 596 702 iacet
610 664 717 717 aeS,
734 665 928 702 aurum
944 649 999 701 in
1016 665 1289 702 summum
1305 647 1566 702 successit
1580 648 1855 702 honorem.
1903 660 2000 700 1275

294 720 379 778 sie*
408 725 674 778 volvenda
703 728 857 779 aetas
893 729 1195 779 commutat
1229 729 1481 793 tempora
1516 740 1714 778 rerum.

294 801 444 868 quod
478 801 585 855 fuit
618 801 675 854 in
709 803 903 871 pretiO,
940 802 1005 856 fit
1039 802 1188 855 nullo
1227 801 1462 868 denique
1498 800 1732 866 honore;

293 894 456 946 porro
493 879 628 932 aliut
664 879 908 933 succedit
946 883 1004 933 ct
1038 895 1066 931 e
1099 877 1502 946 contemptibus
1539 875 1654 930 exit

220 951 225 956 ’
291 956 459 1022 inque
495 954 614 1008 dies
647 956 822 1024 magis
858 955 1142 1024 adpetitur
1176 954 1443 1023 floretque
1478 956 1760 1021 repertum

293 1030 547 1084 laudibus
582 1033 641 1084 et
676 1023 813 1084 miro
849 1036 935 1085 est
971 1031 1215 1084 mortalis
1246 1032 1392 1084 inter
1425 1030 1644 1083 honore.
1902 1041 2002 1080 1280

367 1108 419 1159 N
424 1123 527 1160 11110
562 1107 664 1160 tibi
699 1125 807 1175 quo
842 1111 1003 1176 paeto
1038 1108 1172 1161 ferri
1207 1110 1403 1160 natura
1437 1108 1658 1173 reperta

296 1182 370 1236 sit
404 1182 619 1237 facilest
654 1184 757 1251 ipsi
792 1200 893 1251 per
927 1187 985 1238 te
1019 1200 1358 1252 cognoscere,
1396 1181 1638 1235 Memmi.

296 1275 447 1311 arma
483 1259 711 1328 antiqua
744 1275 935 1312 manus
973 1276 1184 1327 ungues
1220 1259 1524 1327 dentesque
1559 1258 1780 1309 fuerunt
1822 1303 1833 1314 ,

296 1338 354 1387 et
390 1333 603 1404 lapides
638 1339 696 1389 et
729 1336 862 1389 item
899 1335 1157 1389 silvarum
1193 1334 1461 1403 fragmina
1495 1333 1647 1401 rami,

295 1414 352 1464 et
362 1410 579 1465 flamma
597 1415 765 1481 atque
777 1413 945 1480 ignes,
955 1416 1246 1481 postquam
1257 1414 1385 1466 sunt
1397 1410 1614 1479 cognita
1623 1408 1870 1478 primum.
1902 1420 2001 1460 1285

294 1486 567 1554 posterius
602 1488 734 1541 ferri
770 1489 850 1541 vis
887 1494 973 1542 est
1008 1490 1261 1557 aerisque
1297 1491 1531 1558 reperta.

295 1566 353 1617 ot
388 1564 539 1631 prior
574 1564 719 1618 aeris
755 1567 876 1618 erat
911 1581 1074 1634 quam
1109 1564 1244 1618 ferri
1282 1564 1531 1632 cognitus
1565 1577 1712 1629 usuS,

296 1656 404 1707 quo
438 1640 610 1694 facilis
645 1641 817 1708 magis
854 1646 940 1693 est
976 1644 1175 1694 natura
1210 1643 1268 1694 et
1304 1641 1462 1710 eopia
1495 1640 1682 1693 maior.

295 1731 423 1769 aere
460 1716 642 1778 solum¹
669 1720 853 1771 terrae
888 1716 1217 1785 tractabant,
1253 1733 1489 1785 aereque
1523 1715 1654 1769 belli

296 1791 599 1846 miscebant
634 1793 833 1846 fluctus
869 1795 927 1846 et
963 1793 1190 1846 vulnera
1224 1795 1381 1845 vasta
1417 1792 1673 1846 serebant
1905 1805 2003 1843 1291

297 1870 358 1920 et
391 1884 556 1935 pecus
592 1872 761 1936 atque
796 1884 956 1936 agros
991 1867 1321 1922 adimebant.
1356 1884 1483 1921 nam
1518 1868 1676 1921 facile
1711 1866 1833 1920 ollis

296 1943 478 1997 omnia
512 1943 782 1998 cedebant
817 1944 1046 1997 armatis
1081 1943 1230 1996 nuda
1264 1947 1322 1997 et
1356 1944 1579 1998 inerma.

295 2018 427 2073 inde
461 2020 774 2074 minutatim
808 2021 1074 2088 processit
1108 2020 1321 2074 ferreus
1357 2020 1501 2073 ensis

296 2112 562 2164 versaque
596 2097 655 2150 in
690 2096 1015 2166 obprobium
1051 2096 1261 2165 speeies
1297 2099 1383 2151 est
1418 2095 1570 2149 falcis
1605 2096 1824 2164 ahenae,

295 2176 354 2227 et
389 2173 536 2226 ferro
571 2189 799 2242 coepere
835 2172 1008 2226 solum
1044 2172 1396 2242 proscindere
1430 2176 1613 2226 terrae
1907 2186 2002 2225 1295

296 2253 711 2319 exaequataque
746 2253 875 2304 sunt
910 2248 1121 2319 creperi
1158 2249 1458 2304 certamina
1492 2248 1637 2302 belli.

296 2330 356 2380 et
389 2327 542 2395 prius
578 2330 661 2381 est
697 2331 969 2381 armatum
1002 2327 1059 2380 in
1095 2326 1223 2395 equi
1259 2325 1620 2380 conscendere
1655 2327 1835 2379 costas

297 2405 356 2457 et
392 2403 724 2457 moderarier
758 2404 902 2457 hune
937 2403 1107 2457 frenis
1145 2403 1452 2472 dextraque
1486 2401 1673 2470 vigere

298 2494 462 2545 quam
496 2478 681 2546 biiugo
717 2496 881 2533 curru
914 2480 1045 2534 belli
1081 2483 1356 2548 temptare
1392 2478 1606 2549 pericla.

298 2556 358 2607 et
391 2552 604 2621 biiugos
638 2555 792 2621 prius
829 2559 917 2609 est
954 2572 1118 2624 quam
1157 2554 1242 2608 bis
1278 2557 1608 2623 coniungere
1643 2554 1802 2608 binos
1905 2567 2001 2608 1300

298 2632 357 2682 et
393 2645 556 2696 quam
594 2629 865 2684 falciferos
901 2635 1175 2685 armatum
1211 2631 1508 2686 escendere
1544 2646 1750 2684 currus·

296 2705 427 2758 inde
463 2704 629 2759 boves
665 2706 820 2759 lucas
855 2706 1055 2759 turrito
1091 2723 1333 2775 corpore,
1368 2709 1593 2772 taetras,

298 2782 670 2849 anguimanus,
706 2780 838 2835 belli
874 2781 1179 2837 docuerunt
1212 2784 1433 2837 volnera
1470 2782 1641 2835 Poeni

301 2858 526 2911 sufferre
561 2861 620 2912 et
655 2874 882 2926 magnas
919 2858 1116 2912 Martis
1152 2859 1377 2913 turbare
1412 2862 1671 2912 catervas.

301 2935 378 2987 sic
412 2934 523 2986 alid
559 2951 628 2988 ex
663 2934 769 2987 alio
804 2935 1020 3004 peperit
1056 2935 1328 2990 discordia
1361 2935 1552 3002 tristis,
1905 2948 2002 2987 1305

301 3009 560 3063 horribile
595 3011 844 3063 humanis
881 3011 1030 3079 quod
1063 3011 1322 3078 gentibus
1357 3015 1504 3066 esset
1538 3011 1595 3063 in
1630 3009 1809 3077 armis,

300 3086 467 3153 inque
504 3086 623 3140 dies
657 3086 790 3141 belli
826 3086 1131 3140 terroribus
1167 3087 1387 3142 addidit
1422 3103 1667 3156 augmen.

372 3161 731 3231 Temptarunt
766 3163 932 3221 etiam
967 3167 1157 3220 tauros
1192 3163 1248 3220 in
1283 3180 1538 3220 moenere
1571 3161 1701 3217 belli
