2259 3442
1140 93 1197 147 ix

330 266 335 273 ·
415 242 519 293 843
589 235 940 290 membranae
975 245 1123 286 mm
1150 245 1352 287 PARTE.
1443 250 1569 288 cum
1604 233 1885 289 veteribus
1917 234 2019 287 im-

308 321 515 392 pressis
523 328 697 391 parte
712 321 865 376 idem
881 319 1086 389 scripsi.
1134 318 1518 374 Lachmannus
1529 336 1726 389 parum
1739 319 2019 374 modulate

310 409 463 463 idem
487 425 555 462 ex
571 414 756 476 parte,
777 409 922 461 ‘cum
957 404 1246 460 Lucretius
1280 405 1685 475 praepositione
1718 405 1917 458 omissa
1939 405 2020 458 ita

309 513 417 550 non
453 495 603 550 dicat
637 494 742 548 nisi
776 492 1031 563 genetivo
1066 489 1289 545 addito'.
1360 491 1460 545 sed
1494 491 1583 546 hic
1619 492 1686 546 in
1722 493 1886 546 rebus
1918 507 2020 559 pro

307 584 564 654 genetixso
588 584 690 636 est.
1052 599 1089 628 a

415 672 517 722 853
587 663 714 718 libri
751 675 1005 716 SANGUIS
1029 674 1114 715 AN
1141 675 1222 716 OS.
1316 661 1615 717 Lambinus
1651 663 1857 733 optime
1890 678 2020 718 san-

305 770 457 823 9uen
480 770 560 808 an
581 769 739 806 mssa.-
784 748 1165 803 Laclnnannus
1188 765 1457 821 umqum,
1484 765 1555 817 οε,
1580 766 1812 805 aarum.

415 845 516 894 866
586 853 687 906 pro
711 847 888 888 SANIE
913 833 1296 887 Lachmannus
1320 850 1444 888 cum
1471 834 1713 909 Avantio
1737 834 1907 888 venis,

417 921 759 992 Comparatis
785 925 1074 988 859—866,
1099 937 1208 973 non
1234 920 1429 974 dubito
1462 921 1597 989 quin
1619 923 1745 990 post
1777 924 1879 979 873
1911 919 2022 974 duo

310 1013 398 1067 vel
442 1013 630 1083 plures
668 1025 879 1081 ‘versus
938 1007 1100 1062 huius
1158 1009 1277 1064 fere
1336 1010 1486 1064 modi
1545 1010 1868 1078 exciderint,
1926 1009 2024 1064 Em

309 1096 649 1165 alieniqenis
680 1111 824 1163 quae
859 1093 1058 1148 tellure
1093 1095 1457 1149 exoriuntur.
1528 1094 1624 1149 Sto
1655 1094 1857 1148 itidem
1878 1111 2024 1163 quae

310 1183 472 1250 Ziqua
493 1181 764 1236 emittunt
785 1194 1044 1247 corpora,
1067 1180 1327 1233 aluntur.
1377 1183 1479 1237 874
1501 1183 1626 1248 post
1649 1179 1826 1247 liquis
1847 1179 2022 1234 adieci

309 1267 415 1321 his,
463 1265 872 1320 Lachmannum
895 1278 1004 1315 non
1026 1263 1286 1332 intellego
1310 1263 1405 1332 qui
1425 1263 1646 1332 scripsit
1667 1280 1811 1331 quae
1826 1263 2026 1318 alieni-

307 1353 473 1423 genis
497 1353 791 1408 oriuntur.

419 1443 518 1498 977
588 1454 689 1508 pro
712 1448 984 1489 EFFIOIAT
1007 1454 1131 1492 cum
1158 1436 1422 1490 Lambino
1447 1435 1659 1503 officiat,
1684 1437 2025 1489 constantem

310 1543 483 1597 usum
498 1522 890 1579 Lucretianum
915 1528 1151 1591 secutus,
1184 1525 1392 1594 scripsi.
1486 1545 1490 1549 ·

417 1617 517 1667 996
587 1610 896 1684 rectissime
921 1626 981 1665 se
1006 1608 1175 1664 habet
1192 1609 1455 1664 librorum
1479 1621 1765 1662 INFERNA.
1811 1610 1875 1663 cf.
1903 1626 2027 1663 ann.

311 1697 442 1768 phil.
475 1698 634 1753 Cant.
669 1712 692 1750 1
725 1713 778 1765 p.
814 1702 896 1752 33.
967 1695 1052 1750 od.
1094 1696 1240 1750 Iunt.
1275 1713 1440 1765 quam
1475 1699 1697 1750 secutus
1734 1698 1820 1749 est
1856 1697 2027 1750 Lach-

313 1802 560 1854 mannus‚
584 1791 836 1855 aeterna.

418 1876 522 1926 998
595 1870 976 1924 Lachmannus
1020 1884 1129 1924 non
1176 1872 1328 1923 recte
1387 1867 1533 1922 hunc
1581 1885 1800 1923 versum
1859 1884 2029 1922 novae

313 1956 652 2026 quaestionis
691 1955 910 2008 initium
946 1970 1068 2008 esse
1103 1953 1409 2023 constituit,
1434 1970 1577 2022 quae
1613 1953 1855 2023 denique
1895 1960 2028 2009 1008

313 2041 460 2109 Ipsa
482 2040 724 2110 modum
743 2037 950 2107 incipit.

421 2125 827 2180 Lachmannus
857 2128 983 2193 post
1046 2130 1195 2192 1012,
1242 2125 1418 2179 multo
1466 2126 1666 2180 melius
1713 2125 2029 2194 Madvigius

314 2229 495 2281 opusc.
522 2229 605 2281 pr.
627 2228 680 2280 p.
705 2216 806 2267 313
830 2214 891 2265 et
914 2214 1043 2265 ante
1067 2227 1193 2264 eum
1213 2210 1483 2266 Marullus
1500 2216 1628 2281 post
1656 2217 1789 2266 1013
1814 2212 2028 2279 aliquos

315 2315 506 2352 versus
519 2291 867 2352 intercidisse
882 2296 1242 2365 suspicantur.
1293 2296 1351 2351 in
1369 2299 1618 2368 margine
1636 2299 1754 2354 cod.
1770 2298 2028 2353 Laurent.

314 2384 453 2455 plut.
488 2399 640 2437 xxxv
675 2389 743 2438 32
786 2383 923 2438 haec
957 2383 1225 2438 adnotata
1265 2383 1447 2439 inveni
1469 2378 1474 2441 ζ
1495 2385 1713 2440 ‘Credit
1760 2385 2031 2439 Marullus

316 2470 510 2524 deesse
543 2469 632 2523 hic
668 2468 853 2537 aliqua
886 2468 1142 2534 carmina,
1177 2485 1320 2537 quae
1354 2468 1702 2524 continerent
1736 2470 2030 2524 transitum

314 2555 386 2609 ab
410 2555 683 2610 infinitate
702 2553 878 2607 inanis
902 2554 975 2608 ad
992 2553 1324 2609 infinitatem
1347 2571 1637 2624 corporum
1654 2575 1666 2620 ;
1690 2555 1747 2608 in
1765 2554 1852 2607 his
1871 2554 2030 2608 enim.

315 2641 435 2696 Nec
480 2657 643 2695 marc
688 2657 787 2695 nec
827 2641 1239 2708 tellus...procul
1278 2640 1447 2694 dubio
1485 2641 1603 2709 agit
1639 2639 1711 2694 de
1757 2638 2030 2694 infinitate

315 2742 620 2795 corporum,
657 2742 783 2781 cum
825 2741 991 2793 supra
1025 2725 1098 2779 de
1132 2728 1370 2794 utroque
1402 2724 1620 2779 infinito
1658 2740 1718 2778 se
1754 2724 2031 2779 dictumm

315 2811 659 2881 promiserit’.
727 2810 859 2865 mihi
894 2827 1028 2865 vero
1068 2811 1265 2865 lacuna
1304 2827 1413 2865 non
1454 2814 1613 2865 tanta
1650 2827 1770 2865 esso
1812 2808 2033 2863 videtur

317 2901 527 2968 quanta
561 2897 844 2966 Madvig-io
878 2900 937 2951 et
961 2897 1309 2951 Lachmanno
1346 2914 1467 2952 esse
1501 2897 1620 2952 visa
1654 2900 1754 2951 est.
1828 2896 2033 2950 etenim

315 2989 482 3056 poeta
504 2985 614 3038 iam
638 2985 772 3039 satis
797 3000 1073 3053 superque
1099 2983 1499 3038 demonstravit
1520 3000 1630 3036 non
1660 2983 1835 3037 solum
1864 2998 2030 3035 omne

319 3075 467 3144 quod
486 3081 579 3142 est,
602 3072 702 3127 scd
727 3070 913 3136 etiam,
940 3074 1269 3138 984-1007,
1292 3087 1456 3124 omne
1482 3071 1637 3138 quod
1668 3076 1745 3123 cst
1780 3069 2034 3137 spatium

321 3161 593 3217 infinitum
617 3175 754 3216 esse.
825 3174 969 3212 nunc
997 3162 1131 3212 1008
1164 3160 1268 3211 cet.
1293 3156 1455 3211 docet
1490 3171 1778 3223 corporum
1813 3168 2033 3222 quoque
