2259 3442
1115 100 1216 157 VI
1905 100 2012 156 167

306 222 538 278 corpora
570 220 712 275 quae
744 201 921 274 plagis
955 203 1256 258 incendunt
1289 201 1666 258 mobilitatem.

304 283 701 350 incolumisque
735 281 886 335 venit
920 296 1022 349 per
1054 296 1146 334 res
1180 281 1348 348 atque
1380 279 1597 348 integra
1629 278 1831 334 transit

305 361 496 428 multa,
531 357 885 413 foraminibus
920 356 1164 426 liquidus
1197 355 1664 425 quia.transvolat
1695 354 1847 423 ignis.

305 437 591 504 multaque
625 434 862 504 perfigit,
899 451 1023 488 cum
1059 450 1287 501 corpora
1321 432 1563 486 fulminis
1597 432 1715 500 ipsa
1945 445 2019 484 350

305 512 629 583 corporibus
663 527 849 565 rerum
883 509 1212 577 inciderunt,
1249 526 1359 578 qua
1393 512 1550 563 texta
1582 511 1855 563 tenentur.

306 589 561 643 dissoluit
594 603 759 657 porro
792 587 953 641 facile
988 603 1083 641 aes
1117 601 1420 653 aurumque
1452 588 1683 654 repente

307 664 712 730 confervefacit,
750 680 783 717 e
816 664 1000 733 parvis
1035 664 1167 732 quia
1199 663 1344 717 facta
1376 661 1588 716 minute

306 741 625 811 corporibus
658 740 740 795 vis
776 744 863 795 est
897 744 956 796 et
989 739 1201 795 levibus
1235 757 1305 794 ex
1341 738 1640 805 elementiS,

306 833 448 887 quae
480 817 639 872 facile
672 816 1016 872 insinuantur
1053 820 1112 871 et
1148 816 1427 870 insinuata
1460 818 1692 885 repente
1947 827 2021 868 355

305 892 608 948 dissoluont
642 892 814 948 nodos
849 894 1025 947 omnis
1060 897 1121 948 et
1156 892 1333 947 vincla
1367 892 1635 946 relaxant.

307 973 680 1038 autumnoque
713 969 890 1037 magis
925 969 1101 1024 stellis
1136 968 1476 1037 fulgentibus
1511 970 1642 1034 apta

307 1046 619 1100 concutitur
652 1045 789 1099 caeli
826 1045 1021 1099 domus
1056 1045 1302 1113 undique
1336 1047 1565 1111 totaque
1597 1041 1779 1109 tellus,

310 1123 370 1174 et
403 1137 527 1174 cum
560 1124 812 1191 tempora
844 1137 905 1175 se
939 1122 1084 1175 veris
1119 1120 1374 1175 florentia
1407 1119 1673 1189 pandunt.

309 1196 512 1264 frigore
548 1197 693 1251 enim
729 1196 930 1252 desunt
964 1198 1120 1265 ignes
1159 1196 1421 1266 ventique
1456 1195 1638 1250 calore
1948 1208 2022 1249 3⁰0

308 1271 571 1327 deficiunt
604 1290 785 1342 neque
821 1276 950 1327 sunt
983 1277 1099 1328 tam
1137 1274 1308 1328 denso
1343 1288 1573 1343 corpore
1605 1271 1796 1333 nubes.

307 1348 691 1418 interutraque
726 1349 897 1417 igitur
932 1367 1056 1404 cum
1092 1350 1231 1405 caeli
1268 1353 1519 1419 tempora
1552 1351 1817 1414 constant,

308 1427 429 1478 tum
462 1426 643 1480 variae
675 1442 871 1480 causae
906 1430 1238 1481 concurrunt
1272 1426 1513 1480 fulminis
1546 1442 1748 1480 omnes.

308 1517 435 1554 nam
467 1502 644 1556 fretus
677 1501 798 1572 ipse
831 1503 959 1557 anni
994 1504 1290 1573 permiscet
1324 1503 1499 1572 frigus
1530 1509 1583 1556 et
1616 1505 1844 1569 aestum,

308 1594 537 1646 quorum
551 1582 845 1649 utrumque
860 1596 994 1648 opus
1009 1584 1096 1635 est
1109 1580 1432 1636 fabricanda
1444 1578 1518 1634 ad
1530 1578 1760 1632 fulmina
1772 1578 1921 1646 nubi,
1944 1593 2019 1632 365

308 1657 374 1708 ut
408 1654 679 1709 discordia
711 1656 788 1709 sic
820 1673 1006 1711 rerum
1041 1674 1349 1726 magnoque
1384 1655 1624 1711 tumultu

306 1729 526 1796 ignibus
561 1734 620 1785 et
653 1732 831 1785 ventis
863 1732 1194 1787 furibundus
1229 1734 1458 1788 fluctuet
1491 1749 1600 1787 aer.

308 1805 489 1874 prima
521 1806 715 1859 caloris
750 1807 894 1860 enim
929 1825 1059 1877 pars
1094 1812 1154 1863 et
1188 1812 1467 1878 postrema
1500 1808 1710 1877 rigoris,

309 1883 532 1949 tempus
566 1879 626 1934 id
661 1884 748 1935 est
783 1897 1041 1948 vernum3
1075 1900 1246 1951 quare
1283 1901 1527 1953 pugnare
1560 1886 1840 1938 necessest

188 2004 197 2014 ,
310 1955 590 2010 dissimilis
627 1973 717 2010 res
750 1957 895 2011 inter
931 1975 991 2013 se
1024 1959 1365 2029 turbareque
1398 1960 1615 2014 mixtas.
1944 1973 2019 2014 wo

309 2035 369 2086 et
404 2032 552 2087 calor
586 2036 870 2087 extremus
904 2036 1081 2104 primo
1118 2052 1244 2089 cum
1278 2036 1483 2104 frigore
1519 2036 1726 2090 mixtus

309 2108 564 2178 volvitur,
602 2109 851 2163 autumni
888 2111 1037 2178 quod
1070 2113 1248 2166 fertur
1282 2111 1500 2166 nomine
1534 2115 1767 2182 tempus,

307 2184 395 2239 hic
432 2201 650 2255 quoque
685 2186 987 2257 confligunt
1020 2188 1229 2243 hiemes
1264 2188 1564 2244 aestatibus
1599 2204 1768 2243 acres.

307 2266 606 2331 propterea
625 2264 791 2329 freta
825 2268 956 2320 sunt
988 2265 1124 2321 haec
1161 2265 1290 2320 anni
1324 2265 1715 2334 nominitanda,

306 2354 409 2391 nec
442 2338 712 2408 mirumst,
747 2340 804 2394 in
839 2358 907 2396 eo
942 2342 990 2397 si
1026 2346 1279 2413 tempore
1312 2342 1548 2413 plurima
1581 2343 1724 2397 fiunt
1948 2355 2020 2396 875

308 2413 537 2468 fulmina
571 2418 983 2487 tempestasque
1017 2419 1217 2478 cietur,
1235 2418 1459 2474 turbida
1491 2419 1657 2487 caelo,

308 2490 531 2558 ancipiti
567 2493 822 2560 quoniam
857 2494 1002 2550 bello
1035 2497 1297 2552 turbatur
1330 2496 1625 2565 utrimque,

310 2565 437 2620 hinc
473 2565 705 2630 flammis
740 2568 889 2625 illinc
925 2574 1105 2628 ventis
1141 2589 1440 2642 umoreque
1476 2573 1662 2626 mixto.

381 2641 506 2695 Hoo
538 2645 625 2696 est
658 2643 876 2711 igniferi
910 2652 1163 2703 naturam
1198 2649 1438 2703 fulminis
1471 2649 1648 2718 ipsam

306 2718 619 2787 perspicere
655 2722 715 2773 et
751 2738 861 2790 qua
894 2725 948 2778 vi
983 2725 1149 2779 faciat
1184 2743 1303 2780 rem
1338 2741 1610 2795 quamque
1643 2722 1850 2791 videre,
1942 2739 2018 2777 380

307 2810 415 2847 non
451 2793 730 2863 Tyrrhena
763 2802 916 2854 retro
950 2802 1258 2857 volventem
1294 2802 1535 2855 carmina
1568 2801 1776 2855 frustra

306 2871 511 2925 indicia
545 2872 792 2929 occultae
828 2876 1011 2932 divum
1048 2879 1369 2949 perquirere
1403 2879 1619 2947 mentis,

306 2946 455 3001 unde
488 2947 675 3002 volans
710 2951 852 3019 ignis
887 2956 1201 3023 pervenerit
1236 2958 1332 3009 aut
1366 2954 1425 3009 in
1459 2958 1641 3009 utram
1677 2970 1737 3009 so

308 3023 540 3077 verterit
573 3023 699 3079 hinc
733 3031 954 3097 partim,
990 3048 1098 3100 quo
1134 3035 1295 3100 pacto
1330 3048 1431 3101 per
1464 3032 1583 3085 loca
1617 3033 1810 3100 saepta

308 3099 606 3167 insinuarit,
641 3105 701 3156 et
734 3104 861 3160 hinc
896 3107 1209 3162 dominatus
1244 3111 1310 3162 ut
1345 3107 1604 3163 extulerit
1638 3123 1713 3177 se,
1943 3121 2016 3160 sss

308 3174 510 3244 quidve
544 3191 743 3234 nocere
778 3187 947 3252 queat
982 3183 1054 3238 de
1088 3184 1241 3239 caclo
1275 3183 1513 3239 fulminis
1546 3185 1703 3243 ianm.
