2259 3442
218 83 296 143 76
761 38 764 41 A
1012 78 1122 137 III

216 202 507 255 possumus
542 185 781 241 infernas
815 184 1026 238 animas
1062 184 1389 237 Acherunte
1422 184 1626 252 vagari.
1698 184 1704 189 ⁴

216 262 456 330 pictores
491 263 679 330 itaque
715 264 775 314 et
811 260 1142 327 scriptorum
1178 260 1359 314 saecla
1393 260 1583 329 priora

217 339 296 393 sie
332 339 542 397 animas
578 340 725 392 intro
761 338 1039 392 duxerunt
1074 337 1326 390 sensibus
1359 341 1567 390 auctas.
1866 354 1947 392 630

216 418 279 469 at
314 430 495 484 neque
534 432 745 470 sorsum
782 414 923 467 oculi
957 430 1137 480 neque
1171 430 1333 467 nares
1369 429 1470 467 nee
1506 430 1706 467 manus
1741 415 1867 483 ipsa

215 507 337 545 esse
372 494 561 559 potest
596 491 808 561 animae
844 506 1026 558 neque
1062 505 1275 543 sorsum
1315 489 1519 556 lingua,
1558 507 1741 560 neque
1776 507 1947 546 aures

0 579 71 635 Α,5)
111 630 128 641 ἐ
175 562 418 645 ‘filim
446 579 549 634 per
583 583 643 620 se
678 568 908 635 possunt
943 564 1153 619 sentire
1184 581 1367 632 neque
1403 581 1540 619 esse.

14 642 71 708 22³

285 641 360 694 Et
398 642 653 710 quoniam
690 646 808 696 toto
844 641 1114 695 sentimus
1150 657 1381 708 corpore
1416 634 1641 696 inesse*

211 714 437 770 vitalem
478 730 696 771 sensum
734 720 793 771 et
827 719 1009 771 totum
1044 734 1166 771 esse
1202 717 1434 771 animale
1469 717 1742 786 videmus,
1871 733 1949 772 0:35

212 791 257 843 si
296 791 485 847 subito
520 794 764 847 medium
798 792 966 847 celeri
1000 792 1334 862 praeciderit
1368 794 1485 847 ictu

210 866 293 918 vis
328 866 520 936 aliqua
556 871 622 923 ut
658 886 869 923 sorsum
902 875 1120 937 partem
1157 872 1410 923 secernat
1444 874 1761 939 utramque,

212 940 517 1009 dispertita
551 946 740 1014 procul
777 945 944 999 dubio
980 961 1200 1014 quoque
1236 946 1319 998 vis
1354 946 1557 999 animai

210 1019 271 1068 ct
308 1016 543 1074 discissa
580 1021 739 1074 simul
774 1037 898 1074 eum
934 1036 1163 1088 corpore
1199 1020 1525 1076 dissicietur.

210 1095 272 1144 at
308 1095 464 1160 quod
501 1097 766 1151 scinditur
800 1100 859 1151 et
893 1097 1069 1166 partis
1105 1096 1343 1150 discedit
1377 1096 1436 1149 in
1469 1097 1628 1166 ullas,
1870 1113 1949 1152 mo

214 1167 429 1223 scilicet
464 1177 749 1226 aeternam
787 1172 892 1226 sibi
928 1176 1183 1226 naturam
1218 1172 1414 1226 abnuit
1449 1190 1588 1228 esse.

212 1241 488 1299 falciferos
523 1252 832 1301 memorant
866 1263 1060 1301 currus
1095 1247 1384 1302 abscidere
1417 1249 1672 1303 membra

214 1333 378 1384 saepe
415 1319 498 1373 ita
534 1322 610 1375 de
645 1323 825 1378 subito
859 1325 1138 1392 permixta
1170 1325 1341 1378 caede
1377 1324 1624 1391 calentis,

214 1396 278 1445 ut
314 1396 563 1451 tremere
601 1399 658 1450 in
694 1402 846 1452 terra
879 1399 1135 1452 videatur
1171 1399 1241 1453 ab
1277 1399 1510 1453 artubus
1547 1400 1606 1466 ὴὶ
1642 1400 1798 1469 quod

210 1466 424 1520 decidit
448 1470 741 1538 abscisum,
766 1490 889 1526 cum
913 1491 1071 1528 mens
1092 1478 1279 1529 tamen
1304 1480 1475 1544 atque
1499 1475 1736 1529 hominis
1753 1476 1841 1530 vis
1871 1492 1952 1533 eus

213 1541 529 1598 mobilitate
565 1548 697 1600 mali
732 1564 840 1601 nou
876 1550 998 1617 quit
1032 1551 1243 1606 sentire
1279 1551 1558 1616 dolorem3

213 1620 271 1670 et
306 1618 480 1672 semel
519 1621 578 1675 in
615 1640 835 1692 pugnae
870 1625 1054 1679 studio
1091 1627 1240 1695 quod
1276 1627 1471 1682 dedita
1506 1644 1664 1682 mens
1699 1632 1805 1696 est,

212 1708 442 1759 corpore
480 1697 698 1766 reliquo
734 1700 980 1768 pugnam'
1009 1702 1317 1772 caedesque
1350 1704 1602 1772 'petessit‚

215 1783 315 1854 nec
350 1771 513 1824 tenet
550 1775 806 1828 amissam
842 1775 1051 1831 laevam
1086 1795 1210 1832 eum
1246 1779 1492 1848 tegmine
1528 1796 1696 1850 saepe

216 1845 362 1895 mter
398 1860 578 1914 equos
613 1850 873 1906 abstraxe
908 1857 1060 1908 rotas
1094 1855 1371 1924 falcesque
1403 1872 1648 1924 rapaces,
1875 1873 1952 1912 ew

215 1933 316 1971 nec
352 1921 624 1980 cecidisse
660 1926 813 1981 alius‘
834 1929 1105 1999 dextram,
1143 1947 1277 1986 cum.
1306 1932 1524 1985 scandit
1558 1936 1619 1986 et
1653 1933 1844 1988 instat.

214 1991 343 2045 inde
381 1993 527 2050 alius
563 2006 796 2055 conatur
830 2004 1094 2074 adempto
1129 2023 1355 2076 surgere
1392 2024 1569 2075 crure,

213 2083 338 2119 eum
376 2067 593 2136 digitos
625 2078 803 2145 agitat
837 2086 1071 2148 propter
1104 2082 1466 2136 moribundus
1501 2083 1655 2137 humi
1689 2071 1822 2154 pes.'

211 2146 273 2196 et
308 2150 480 2211 caput
517 2150 794 2206 abscisum
829 2156 1008 2210 calido
1044 2159 1373 2228 viventeque
1407 2163 1605 2213 trunco

212 2222 398 2270 servat
432 2219 596 2278 humi
632 2228 842 2281 voltum
878 2231 1103 2286 vitalem
1141 2235 1436 2304 oculosque
1472 2236 1736 2304 patentiS,
1876 2252 1954 2292 ⁶55

212 2291 390 2343 donee
424 2295 697 2388 reliquias
731 2302 932 2390 anirnai
970 2309 1220 2364 reddidit
1253 2327 1458 2364 omnes.

203 2586 392 2640 omnia
427 2590 546 2650 iam
584 2616 798 2655 sorsum
834 2619 1029 2662 cernes
1066 2612 1254 2665 ancisa
1289 2614 1499 2666 recenti
1878 2631 1956 2670 ⁰⁰⁰

205 2660 435 2749 yolncre
473 2672 678 2728 tortari
715 2681 775 2730 et
807 2680 1021 2736 terram
1058 2702 1429 2756 conspargere
1464 2688 1612 2756 tabe,

203 2751 387 2804 ipsam
426 2757 607 2814 seque
641 2754 793 2805 retro
817 2761 1050 2831 partem
1079 2767 1280 2840 petere
1317 2781 1413 2817 ore
1449 2764 1707 2848 priorem,

204 2809 451 2894 volneris
489 2824 716 2879 ardenti
750 2831 816 2881 ut
851 2847 1043 2890 morsu
1076 2844 1295 2905 premat
1330 2841 1443 2893 icta
1478 2840 1743 2896 dolorem.

203 2883 468 2940 omuibus
508 2910 635 2952 esse
668 2901 841 2967 igitur
877 2910 1030 2963 totas
1068 2913 1314 2967 dicemus
1349 2914 1407 2967 in
1442 2914 1552 2968 illis

200 2956 504 3029 particulis
541 2975 787 3031 animas?
823 2984 885 3034 at
920 3000 990 3038 ea
1024 2988 1240 3043 ratione
1276 2994 1544 3057 sequetur
1881 3010 1958 3049 666

198 3046 374 3126 unam
412 3041 758 3127 animant-,em
794 3057 1008 3114 animas
1045 3063 1303 3117 habuisse
1336 3065 1396 3117 in
1430 3081 1663 3134 corpore
1698 3068 1920 3127 multas

243 3121 343 3177 “⁴3⁰
379 3108 626 3176 d1v1sast
662 3142 727 3179 ea
761 3144 907 3194 quae
944 3135 1054 3190 fuit
1088 3123 1395 3191 finassimul
1432 3156 1558 3194 cum
