2259 3442
1035 76 1135 133 VI
1832 77 1943 134 159

236 199 361 251 qua
394 198 674 251 possemus
708 180 781 235 ad
815 180 875 234 id
909 181 1062 233 recto
1098 179 1431 232 contendere
1464 194 1642 245 cursu,

235 259 453 328 quidve
487 257 615 310 mali
648 258 791 310 soret
824 256 882 309 in
917 255 1081 309 rebus
1116 254 1426 309 mortalibu'
1459 255 1679 324 passim,

236 335 402 403 quod
435 334 595 388 fieret
628 332 865 386 naturali
899 332 1160 400 varieque
1196 331 1405 385 volaret
1900 347 1950 385 so

237 428 346 464 seu
383 427 512 464 casu
547 426 643 464 seu
676 408 747 477 vi,
780 408 928 478 quod
964 408 1041 461 sic
1075 414 1276 461 natura
1309 411 1573 475 parasset,

238 491 305 541 et
342 486 543 555 quibus
578 503 611 540 e
644 484 821 554 portis
855 483 1068 538 occurri
1103 484 1302 552 cuique
1338 483 1575 552 deceret,

238 566 305 617 et
340 579 516 631 genus
549 559 847 615 humanum
881 560 1089 614 frustra
1122 559 1445 629 plerumque
1479 560 1735 629 probavit

237 639 468 692 volvere
502 655 756 692 curarum
791 636 970 691 tristis
1002 637 1059 690 in
1093 638 1317 705 pectore
1352 635 1565 690 fluctus.

236 732 376 769 nam
409 715 578 769 veluti
613 715 769 786 pueri
802 712 1083 781 trepidant
1117 716 1284 782 atque
1312 713 1493 766 omnia
1523 713 1697 768 caecis
1903 728 1951 767 35

237 790 301 844 in
338 791 584 845 tenebris
618 794 887 858 metuunt,
926 791 1002 844 sic
1036 807 1136 843 nos
1170 790 1228 844 in
1262 789 1381 845 luce
1417 790 1675 845 timemus

240 867 544 936 interdum,
580 868 688 920 nilo
724 883 865 936 quae
901 869 1030 919 sunt
1063 865 1362 919 metuenda
1395 867 1570 935 magis
1606 883 1769 934 quam

241 960 392 1013 quae
427 943 587 1013 pueri
621 943 679 996 in
714 941 958 997 tenebris
991 939 1244 1011 pavitant
1278 941 1601 1011 finguntque
1635 943 1835 997 futura.

242 1019 395 1073 hune
429 1019 600 1087 igitur
632 1023 902 1072 terrorem
936 1018 1100 1070 animi
1138 1015 1504 1085 tenebrasque
1537 1022 1813 1072 necessest

243 1110 358 1148 non
394 1094 536 1147 radii
570 1094 698 1147 solis
732 1109 834 1147 nec
867 1093 1050 1146 lucida
1084 1093 1198 1146 tela
1234 1092 1342 1146 diei
1905 1107 1954 1146 4ο

247 1170 564 1238 discutiant,
600 1169 700 1223 sed
733 1172 963 1222 naturae
1000 1169 1208 1237 species
1242 1168 1509 1237 ratioque.

248 1262 362 1314 quo
397 1245 567 1313 magis
600 1244 878 1314 inceptum
912 1260 1140 1313 pergam
1174 1246 1480 1313 pertexere
1499 1244 1677 1299 dictis.

321 1321 399 1375 Et
432 1321 687 1389 quoniam
721 1321 882 1373 docui
917 1320 1106 1373 mundi
1142 1319 1395 1373 mortalia
1429 1320 1634 1390 templa

249 1413 374 1452 esse
408 1404 459 1451 et
493 1397 676 1451 nativo
712 1397 1011 1451 consistere
1046 1413 1275 1466 corpore
1310 1396 1532 1463 caelum,

250 1477 311 1527 et
347 1490 722 1542 quaecumque
758 1473 813 1526 in
848 1490 914 1527 eo
950 1473 1090 1527 fiunt
1124 1472 1356 1542 fierique
1390 1477 1678 1538 necessest,
1908 1492 1954 1530 45

250 1549 514 1619 pleraque
548 1550 793 1617 ressolui,
831 1566 973 1619 quae
1010 1552 1224 1603 restant
1256 1550 1479 1620 percipe
1513 1568 1694 1620 porr0,

252 1625 697 1694 quandoquidem
733 1626 903 1681 semel
938 1625 1207 1693 insignem
1242 1626 1607 1681 conscendere
1640 1644 1860 1682 currum

232 1714 241 1723 '
1087 1722 1124 1759 *

255 1787 560 1848 ventorum,
596 1801 667 1838 ex
699 1785 783 1837 ira
817 1787 881 1838 ut
915 1784 1218 1852 placentur,
1253 1792 1317 1838 ut
1352 1785 1533 1841 omina
1565 1802 1783 1839 rursum

256 1876 397 1927 quae
430 1859 636 1912 fuerint
670 1860 782 1912 sint
816 1859 1029 1928 placato
1063 1875 1328 1913 conversa
1357 1860 1557 1914 furore.

256 1937 441 1988 cetera
475 1951 614 2001 quae
648 1935 769 1988 fieri
804 1935 861 1987 in
895 1935 1061 1990 terris
1094 1934 1352 2003 &zeloque
1385 1939 1613 1989 tuentur
1907 1954 1958 1993 50
1994 1973 2004 1982 ·

258 2011 529 2078 mortales,
565 2010 774 2079 pavidis
810 2027 932 2064 cum
966 2009 1213 2079 pendent
1246 2010 1506 2064 mentibu'
1543 2028 1723 2083 saepe,

259 2091 317 2141 et
348 2087 554 2141 faciunt
588 2087 798 2141 animos
832 2086 1051 2140 humilis
1084 2085 1375 2140 formidine
1409 2086 1590 2142 divom

262 2163 655 2232 depressosque
687 2165 946 2230 premunt
980 2162 1053 2215 ad
1088 2165 1297 2216 terram
1330 2166 1625 2231 propterea
1659 2165 1807 2234 quod

259 2239 557 2307 ignorantia
590 2255 875 2293 causarum
909 2238 1159 2293 conferre
1194 2237 1423 2292 deorum

263 2315 403 2383 cogit
437 2314 510 2369 ad
544 2315 835 2383 imperium
870 2332 962 2369 res
996 2317 1055 2369 et
1091 2313 1395 2370 concedere
1432 2330 1675 2383 regnum.
1910 2332 1959 2370 55

265 2416 461 2455 QUORUM
480 2416 677 2449 OPERUM
697 2416 879 2449 CAUSAS
898 2415 1064 2447 NULLA
1084 2414 1295 2448 RATIONE
1313 2414 1495 2447 vmssnr.

268 2483 466 2517 Possum
486 2484 548 2516 Ac
567 2483 701 2516 FIERI
721 2484 893 2516 DIVINO
912 2483 1110 2515 mmmm
1134 2482 1331 2515 Emun-

267 2561 385 2599 nam
417 2544 561 2599 bene
596 2545 690 2613 qui
726 2544 967 2598 didicere
1004 2545 1137 2599 deos
1172 2561 1425 2599 securum
1460 2547 1625 2613 agere
1658 2562 1864 2614 aevom,

269 2621 312 2675 si
343 2624 524 2676 tamen
558 2621 769 2674 interea
803 2621 1071 2675 mirantur
1106 2636 1217 2687 qua
1250 2621 1462 2674 ratione

271 2713 508 2767 quaeque
541 2696 661 2764 geri
696 2696 922 2765 possint,
956 2696 1284 2765 praesertim
1318 2696 1486 2750 rebus
1518 2695 1576 2750 in
1608 2696 1719 2753 illis
1914 2715 1962 2753 oo

273 2790 403 2842 quae
436 2789 635 2862 supera
670 2776 837 2842 caput
871 2772 1129 2827 aetheriis
1165 2775 1462 2826 cernuntur
1494 2772 1553 2826 in
1587 2774 1713 2843 oris,

274 2865 449 2903 rursus
482 2850 539 2903 in
575 2849 828 2936 antiquas
863 2850 1180 2903 referuntur
1215 2848 1490 2916 religionis
1646 2873 1651 2876 ·
1678 2861 1719 2883 ··
1770 2862 1799 2876 ²*
1818 2857 1861 2876 ⁰

276 2927 330 2978 et
360 2924 602 2979 dominos
637 2924 776 2979 acris
810 2924 1137 2993 adsciscunt,
1173 2924 1353 2978 omnia
1387 2940 1549 2994 posse

278 3017 402 3068 quos
432 3002 614 3055 miseri
649 3000 895 3067 credunt,
931 3001 1108 3069 ignari
1145 3000 1280 3069 quid
1315 3004 1482 3070 queat
1518 3016 1653 3070 esse,

280 3076 400 3144 quid
434 3083 685 3147 nequeat,
719 3078 877 3133 finita
910 3080 1159 3148 potestas
1195 3077 1429 3146 denique
1466 3078 1664 3146 cuique
1915 3095 1966 3135 os

281 3168 495 3221 quanam
530 3154 603 3207 sit
636 3155 831 3224 rationj
868 3157 1037 3225 atque
1071 3154 1184 3209 alte
1216 3153 1487 3209 terminus
1519 3152 1779 3221 haerens;
1864 3185 1877 3194 α
1898 3169 1915 3198 ε
1954 3177 1999 3204 (ι4
