2259 3442
1039 86 1168 138 xxiv

261 222 347 278 his
370 222 618 278 versibus
641 219 1006 290 transpositis,
1028 235 1129 288 pro
1156 219 1426 274 Conrom
1460 234 1970 276 nmmum...cffl1.o

262 308 420 363 dedit
453 309 532 364 Ut
552 322 735 376 prope
756 304 1221 358 miruolo...caeli.
1290 304 1362 360 cf.
1383 304 1459 359 ad
1481 309 1584 359 213
1608 308 1669 360 et
1692 319 1716 358 1
1744 311 1894 360 1061.

365 399 485 448 462.
551 409 654 463 pro
678 406 941 445 »mmmm
963 390 1053 445 hic
1075 407 1296 461 quoque
1319 407 1443 445 cum
1461 391 1549 446 ed.
1571 391 1716 446 Iunt.
1737 395 1797 446 et
1811 392 1974 446 Lam-

258 478 392 532 bino
415 477 608 547 scripsi
630 476 924 531 mirando.

365 566 465 616 545
500 578 601 631 pro
627 561 708 615 Er
730 575 954 615 umus
978 576 1144 615 1111011
1175 575 1369 615 ‘tonus
1394 560 1616 630 egregie
1642 561 1715 614 Is.
1742 560 1973 616 Vossius

260 647 340 701 Ec
363 647 573 702 validis
593 646 760 714 cycni
784 647 1147 702 torrentibus.
1218 664 1377 701 oesus
1398 646 1596 715 aliquis
1618 646 1830 700 medias
1851 664 1972 701 ver-

261 752 354 789 sus
371 750 531 789 voces
549 733 840 789 mutilavit.
898 737 1146 788 ceterum
1170 737 1231 788 ct
1252 737 1450 803 poetae
1466 735 1527 787 et
1543 732 1792 787 historici
1819 733 1973 787 Heli-

259 821 410 876 conis
455 823 731 874 torrentes
787 820 998 889 pariter
1043 820 1384 891 praedicant.
1465 818 1847 873 Lachmannus
1892 819 1975 874 Et

258 906 422 974 cycni
451 905 617 959 tortis
641 905 997 960 convallibus.

364 997 467 1046 594
511 1007 613 1061 pro
659 1005 1072 1046 Aumctmumn
1120 990 1499 1045 Lachmannus
1546 1006 1672 1045 omn
1714 989 1973 1045 Bentleio

259 1077 655 1131 miraclorum.
1973 1108 1982 1119 -

364 1169 467 1218 598
490 1179 591 1232 pro
615 1177 867 1218 vnnfflus
890 1164 1269 1219 Lachmannus
1291 1165 1392 1220 ubi
1413 1165 1622 1235 demus.
1696 1165 1797 1220 sed
1821 1166 1971 1220 vide-

259 1267 390 1306 mus
410 1252 719 1307 rectissime
743 1270 804 1307 se
822 1252 992 1307 habet
1012 1272 1026 1318 ;
1058 1268 1188 1306 nam
1210 1250 1577 1320 conloquium
1598 1251 1807 1305 clausis
1815 1252 1972 1319 fori-

258 1338 358 1391 bus
394 1337 541 1391 idem
564 1337 713 1392 valet
737 1338 885 1407 quod
915 1338 1280 1406 conloquium
1312 1337 1529 1392 clausis
1550 1337 1788 1404 foribus
1807 1338 1967 1405 fieri.

259 1423 326 1476 cf.
351 1429 468 1477 262.
1088 1418 1095 1423 ’

254 1560 263 1569 ,
366 1514 468 1563 608
490 1523 590 1577 pro
616 1521 877 1560 rufinum
901 1505 1091 1575 scripsi
1111 1507 1372 1573 fervunt.
1446 1507 1824 1562 Lachmannus
1858 1525 1968 1562 non

259 1592 403 1647 bene
412 1593 668 1660 feriunt.

366 1686 462 1735 611
504 1695 605 1749 pro
643 1677 828 1732 SAEPE
862 1694 1050 1753 §UPRA
1089 1678 1468 1733 Lachmannus
1509 1678 1748 1748 Saepem
1785 1679 1965 1736 intra.

260 1767 456 1821 melius
480 1766 812 1835 Bernaysius
835 1765 1074 1834 Saepem
1102 1768 1273 1822 ultra.

371 1859 486 1923 124,
517 1869 851 1924 quamquam
888 1852 1109 1922 elegans
1135 1869 1267 1908 sane
1291 1856 1379 1908 est
1401 1852 1735 1907 Lachmanni
1759 1852 1967 1908 coniec-

260 1942 388 1994 tura
400 1938 648 1994 sidentia
661 1955 762 2008 pro
778 1953 1072 2008 suumn,
1087 1942 1274 1993 tamen
1287 1955 1396 1993 non
1410 1938 1716 1993 necessaria
1732 1937 1855 1991 vide
1861 1940 1966 1993 tur.

366 2033 468 2084 633
508 2042 611 2096 pro
653 2040 811 2080 cums
847 2041 920 2079 m·
954 2040 1244 2080 vlumus
1273 2026 1464 2093 scripsi
1502 2025 1644 2080 cibu'
1688 2025 1881 2078 suavis
1914 2031 1966 2080 ec

259 2113 462 2168 almus.
531 2128 632 2182 pro
678 2111 866 2164 almus
911 2115 1098 2164 tamen
1155 2110 1386 2164 fortasse
1440 2117 1610 2177 aptus
1656 2109 1965 2177 legendum.

261 2198 641 2253 Lachmannus
676 2196 831 2250 cibus
869 2196 1078 2250 unicus
1110 2202 1294 2263 aptus.
1366 2194 1431 2248 cf.
1456 2211 1578 2247 ann.
1601 2193 1731 2262 phil.
1759 2194 1915 2250 Cant.
1942 2212 1966 2253 1

259 2300 311 2351 p.
335 2290 419 2337 41.
1313 2348 1320 2354 ⁴

364 2376 465 2426 638
488 2385 590 2438 pro
616 2368 726 2422 Esr
749 2383 955 2429 mour,
990 2383 1063 2422 Ur
1087 2381 1331 2422 sanemus
1355 2367 1548 2436 scripsi
1571 2368 1707 2423 Esse
1730 2367 1816 2423 ita
1839 2370 1967 2438 quit

257 2469 499 2521 serpens.
569 2450 951 2505 Lachmannus
974 2452 1080 2506 Est
1101 2451 1332 2520 aliquae
1353 2459 1420 2506 ut
1441 2468 1686 2523 serpens.

365 2541 465 2591 668
488 2537 614 2605 post
637 2550 864 2589 sensum
887 2535 1227 2591 addiderunt
1256 2538 1475 2593 veteres
1509 2545 1589 2594 ut.
1661 2539 1965 2595 Lachman-

258 2639 362 2678 nus
386 2631 450 2677 ut
472 2640 573 2694 pro
598 2638 689 2677 1²11*
712 2623 946 2692 scripsit.

361 2716 567 2769 671—2
591 2709 971 2765 Lachmannus
992 2714 1122 2765 ante
1147 2716 1250 2766 663
1274 2711 1574 2766 transtulit.
1612 2711 1809 2766 melius
1829 2712 1964 2766 Ber-

257 2798 474 2866 naysius
489 2797 836 2852 intercidisse
855 2799 1066 2867 aliquos
1080 2814 1274 2853 versus
1288 2799 1500 2853 statuit.
1552 2799 1619 2854 cf.
1631 2800 1772 2853 Mus.
1784 2799 1962 2855 Rhen.

257 2898 307 2938 n.
334 2901 375 2939 s·
397 2899 435 2938 v
457 2899 509 2953 p.
535 2889 651 2939 583.

362 2972 462 3022 682
485 2983 587 3037 pro
611 2981 778 3022 nucu*
804 2968 1199 3038 Lachmannus‚
1217 2971 1282 3023 ut
1304 2972 1455 3039 put0‚
1480 2970 1596 3024 sine
1620 2987 1783 3025 causa
1806 2970 1961 3026 dicit.

362 3057 463 3112 740
497 3070 599 3124 pro
631 3056 828 3111 mutila
858 3074 992 3111 voce
1025 3070 1215 3110 AMMA
1237 3056 1616 3112 Lachmannus
1652 3073 1777 3111 cum
1804 3057 1964 3112 Lam-

254 3138 385 3194 bino
422 3141 713 3197 animalis.
784 3144 989 3198 rectius
1022 3141 1320 3198 Goebelius
1343 3146 1556 3209 quaest.
1598 3143 1760 3197 Lucr.
1802 3160 1854 3212 p.
1896 3149 1963 3196 25
