2259 3442
34 428 167 495 :173

215 133 289 191 10
996 133 1028 188 I

208 235 334 291 hine
368 239 554 291 tamen
587 252 710 291 esse
743 236 873 290 licet
905 236 1032 289 rar'o
1065 250 1192 288 cum
1227 250 1455 302 corpore
1489 250 1698 289 cernas.

208 312 266 366 in
301 312 450 368 saxis
485 329 550 368 ae
584 312 855 382 speluncis
886 313 1177 381 permanat.
1211 326 1478 380 aquarum

208 379 450 458 liquidus
484 406 642 442 umor
675 392 735 443 et
768 387 1030 442 uberibus
1063 387 1201 441 flent
1228 387 1413 441 omnia
1444 386 1639 455 guttis.

209 465 443 535 dissipat
477 466 534 519 in
569 481 767 535 corpus
803 481 924 519 sese
958 464 1114 518 cibus
1150 476 1313 519 omne
1348 463 1703 519 animantum.
1841 478 1916 520 ³50

208 545 460 596 crescunt
495 541 723 595 arbusta
755 544 816 595 et
849 541 998 595 fetus
1032 540 1089 594 in
1123 544 1376 609 tempore
1410 538 1664 609 fundunt,

208 617 360 686 quod
392 618 546 672 cibus
569 617 637 671 in
671 619 818 672 totas
852 634 1028 687 usque
1064 617 1136 671 ab
1170 615 1446 671 radicibus
1478 616 1603 670 imis

206 709 309 762 per
344 696 567 747 truncos
602 709 665 747 ac
698 709 801 763 per
833 700 1016 748 'ramos
1050 693 1381 748 diffunditur
1415 693 1604 746 omnis.

208 770 354 824 inter
388 773 580 838 saepta
613 773 799 824 meant
833 785 994 824 voces
1027 772 1088 824 et
1120 769 1306 824 clausa
1340 769 1628 823 domorum

207 845 608 913 transvolitant,
642 846 878 915 rigidum
910 848 1200 914 permanat
1234 845 1409 913 frigus
1444 845 1520 899 ad
1553 862 1690 899 ossa.
1841 859 1913 898 355
1947 851 1951 855 ⁴

209 920 360 990 quod
394 920 496 975 nisi
531 921 712 976 inania
746 923 870 989 sint,
908 937 1019 991 qua
1050 923 1262 990 possint
1295 937 1524 991 corpora
1558 937 1808 991 quaeque

209 997 480 1053 transire?
527 997 676 1052 haud
709 998 821 1052 ulla
854 998 974 1053 fieri
1008 999 1226 1052 ratione
1263 995 1493 1052 videres.

209 1072 449 1143 denique
482 1086 581 1128 cur
614 1074 748 1128 alias
781 1074 902 1129 aliis
936 1078 1221 1145 praestare
1255 1073 1507 1128 videmus

207 1150 453 1219 pondere
487 1167 580 1205 res
614 1151 780 1205 rebus
814 1151 929 1205 nilo
961 1153 1168 1205 maiore
1203 1151 1416 1220 figura?

208 1242 335 1281 nam
372 1228 418 1281 si
450 1229 832 1283 tantundemst
865 1229 922 1281 in
955 1228 1112 1282 lanae
1147 1229 1390 1297 glomere
1425 1229 1693 1298 quantum
1838 1242 1912 1280 seo
1930 1224 2128 1323 “⁴⁴4¹''
2149 1239 2228 1291 ’με

207 1305 448 1392 eorporis
483 1304 538 1357 in
574 1303 797 1374 plumbo
833 1308 933 1372 est,
967 1304 1297 1358 tantundem
1331 1304 1573 1374 pendere
1599 1319 1710 1378 par
1739 1305 1842 1377 est,

208 1380 451 1450 corporis
486 1380 775 1434 officiumst
809 1380 1066 1449 quoniam
1099 1396 1353 1448 premere
1389 1380 1571 1433 omnia
1606 1380 1876 1451 deorsum,

208 1462 401 1510 contra
435 1459 619 1509 autem
654 1459 853 1508 natura
886 1457 1073 1510 manet
1107 1456 1225 1510 sine
1258 1454 1503 1525 pondere
1537 1454 1729 1508 inanis.

209 1548 342 1600 ergo
378 1532 527 1600 quod
561 1534 875 1600 magnumst
909 1547 1088 1600 aeque
1123 1531 1407 1600 leviusque
1442 1531 1680 1601 videtur,

208 1607 465 1661 nimirum
500 1608 625 1677 plus
659 1624 781 1662 esse
816 1607 921 1661 sibi
956 1606 1202 1662 declarat
1235 1607 1441 1673 inanis3
1836 1621 1910 1660 365

209 1688 269 1738 at
303 1687 496 1739 contra
529 1684 749 1753 gravius
783 1684 906 1753 plus
938 1683 995 1737 in
1031 1699 1091 1739 se
1127 1682 1369 1753 corporis
1406 1699 1525 1737 esse

209 1760 429 1815 dedicat
464 1764 523 1816 et
557 1760 730 1814 multo
765 1760 920 1814 vacui
953 1759 1136 1814 minus
1170 1760 1321 1814 intus
1354 1759 1575 1814 habere.

207 1841 295 1891 est
329 1837 499 1906 igitur
530 1838 785 1891 nimirum
820 1835 881 1891 id
916 1836 1065 1905 quod
1099 1837 1314 1892 ratione
1350 1836 1531 1905 sagaci

207 1915 533 1983 quaerimus,
568 1914 874 1969 admixtum
908 1914 1090 1982 rebuS,
1125 1914 1275 1983 quod
1308 1914 1470 1967 inane
1503 1929 1769 1968 vocamus.

276 1990 426 2044 Illud
459 1990 514 2043 in
550 1990 636 2044 his
670 1991 835 2045 rebus
869 2007 941 2046 ne
976 1994 1035 2046 te
1071 1989 1345 2045 deducere
1380 2006 1512 2044 vero
1834 2004 1909 2046 m

207 2066 394 2134 possit,
433 2065 582 2134 quod
618 2066 841 2155 quidam
877 2067 1106 2134 fingunt,
1143 2082 1501 2135 praecurrere
1535 2082 1712 2134 cogor.

100 2182 105 2191 .
205 2143 403 2196 cedere
439 2142 798 2211 squamigeris
831 2142 1023 2196 latices
1058 2141 1363 2195 nitentibus
1398 2142 1553 2195 aiunt

207 2222 266 2272 et
299 2214 536 2294 liquidas
570 2219 785 2286 aperire
820 2217 948 2284 vias,
983 2218 1112 2284 quia
1144 2219 1271 2285 post
1307 2216 1425 2269 loca
1458 2217 1635 2283 pisces

104 2334 109 2339 .
205 2286 470 2364 linquant,
506 2309 615 2362 quo
651 2293 861 2360 possint
894 2291 1153 2345 cedentes
1188 2290 1461 2345 confluere
1495 2291 1692 2345 undae.

205 2370 284 2424 sic
317 2369 451 2422 alias
487 2384 705 2440 quoque
739 2383 829 2421 res
864 2367 1009 2420 inter
1044 2383 1103 2420 se
1139 2382 1297 2434 posse
1333 2368 1539 2421 moveri
1831 2386 1906 2426 375

205 2449 265 2500 et
299 2448 516 2499 mutare
549 2444 741 2511 locum,
775 2443 1021 2513 quamvis
1056 2444 1169 2498 sint
1203 2443 1383 2497 omnia
1416 2444 1593 2514 plena.

205 2521 414 2576 scilicet
445 2521 509 2576 id
540 2520 676 2574 falsa
709 2523 891 2575 totum
925 2520 1138 2575 ratione
1171 2524 1526 2591 receptumst.

204 2615 331 2652 nam
366 2613 476 2668 quo
511 2597 839 2667 squamigeri
874 2600 1139 2667 poterunt
1171 2596 1470 2666 procedere
1504 2599 1745 2669 tandem,

205 2675 261 2728 ni
299 2675 535 2745 spatium
572 2674 830 2729 dederint
863 2674 1083 2729 latices?
1119 2674 1421 2729 concedere
1456 2692 1620 2745 porro

205 2768 318 2820 quo
351 2754 614 2822 poterunt
648 2753 844 2819 undae,
878 2768 1002 2807 cum
1037 2751 1218 2822 pisces
1252 2751 1335 2806 ire
1368 2751 1713 2821 nequibunt?
1832 2769 1907 2809 38⁰

203 2832 301 2882 aut
333 2828 503 2896 igitur
537 2832 690 2881 motu
723 2828 1104 2897 privandumst
1140 2844 1368 2901 corpora
1404 2845 1656 2918 quaeque
1863 2820 1891 2879 ,τ’
1909 2836 1958 2875 m
1999 2838 2028 2875 ’.-
2065 2838 2098 2865 2·
2123 2826 2158 2875 ἱ·

202 2907 302 2958 aut
336 2920 457 2958 esse
490 2903 795 2958 admixtum
832 2904 1184 2961 dicundumst
1219 2903 1386 2959 rebus
1420 2906 1581 2960 inane
1861 2910 1996 2965 Ἤδη
2010 2918 2056 2967 r,
2079 2916 2188 2969 ³³³2

203 2979 352 3034 unde
386 2980 584 3048 initum
616 2980 851 3049 primum
889 2983 1071 3051 capiat
1103 2998 1196 3036 res
1231 2998 1482 3051 quaeque
1516 2984 1786 3039 movendi.
1909 2992 2038 3075 cefff,

202 3060 483 3126 postremo
518 3057 629 3111 duo
666 3057 737 3111 de
772 3075 1037 3113 concursu
1070 3075 1298 3128 corpora
1332 3059 1447 3114 lata
1882 3079 1888 3085 ·

202 3132 252 3187 si
283 3133 394 3188 cita
427 3133 714 3204 dissiliant,
746 3151 947 3205 nempe
982 3151 1079 3190 aer
1112 3151 1274 3189 omne
1308 3141 1601 3210 necessest,
1829 3159 1905 3200 385

317 3211 794 3282 r⁸00rpora¹quod
827 3212 939 3281 fist,
972 3210 1221 3283 possidat
1257 3213 1432 3270 inane.
1518 3222 1566 3271 a!
1601 3234 1676 3273 w
