2259 3442
226 83 339 144 1¹72
1039 77 1139 135 VI

214 204 479 244 concussu
510 188 624 242 late
658 186 976 255 disserpunt
1009 184 1140 237 inde
1176 186 1461 237 tremores.

214 267 273 319 et
307 265 521 331 merito,
558 264 812 333 quoniam
846 260 1078 331 plaustri
1112 276 1376 314 concussa
1409 261 1751 314 tremescunt

213 343 365 395 tecta
399 341 542 394 viam
575 342 803 408 propter
836 355 944 391 non
979 352 1177 405 magno
1213 335 1458 404 pondere
1492 340 1635 404 totas

213 433 316 471 nec
349 417 530 471 minus
568 415 829 481 exultant,
867 430 1095 481 scrupus
1130 413 1470 482 quicumque
1504 414 1610 467 viai
1869 426 1955 467 σω

213 493 450 548 ferratos
482 492 761 561 utrimque
796 494 1044 546 rotarum
1081 490 1318 544 succutit
1353 489 1532 544 orbes.

215 569 282 623 fit
318 586 550 638 quoque,
584 567 680 621 ubi
711 568 769 621 in
806 583 1030 636 magnas
1065 571 1244 635 aqiiae
1280 570 1571 634 vastasque
1606 567 1837 620 lucunas

214 645 378 713 gleba
410 647 690 700 vetustate
724 661 757 699 e
792 647 944 698 terra
979 644 1323 714 provolvitur
1358 644 1563 712 ingens,

216 729 280 775 ut
313 721 549 776 iactetur
582 737 755 789 aquae
790 720 962 774 fluctu
997 738 1216 790 quoque
1251 723 1403 774 terra
1438 720 1726 786 vacillans;

216 801 283 851 ut
316 814 412 851 vas
444 797 735 852 interdum
768 814 876 851 non
911 798 1033 866 quit
1067 801 1338 865 constare,
1372 797 1475 850 nisi
1509 812 1667 849 umor
1864 808 1947 847 555

219 873 437 928 destitit
470 874 529 927 in
563 874 730 928 dubio
766 873 937 928 fluctu
971 873 1229 928 iactarier
1262 873 1427 926 intus.

293 950 588 1005 Praeterea
621 954 818 1006 ventus
852 967 976 1004 cum
1011 967 1114 1019 per
1150 950 1270 1004 loca
1306 949 1545 1003 subcava
1578 951 1762 1003 terrae

220 1027 479 1083 collectus
511 1030 675 1097 parte
711 1043 781 1081 cx
813 1044 924 1081 una
956 1025 1272 1095 procumbit
1306 1029 1367 1080 et
1402 1028 1568 1094 urget
1704 1033 1709 1038 ’

218 1103 452 1158 obnixus
487 1104 700 1173 magnis
734 1103 1021 1173 speluncas
1056 1103 1266 1156 viribus
1301 1103 1457 1169 altas,

220 1179 489 1234 incumbit
522 1180 687 1234 tellus
721 1195 828 1248 quo
862 1177 1012 1232 venti
1046 1194 1221 1246 prona
1254 1179 1459 1246 premit
1491 1178 1589 1232 vis.
1867 1191 1948 1230 seo

222 1259 343 1309 tum
377 1272 579 1326 supera
612 1259 819 1311 terram
856 1271 996 1324 quae
1034 1258 1164 1309 sunt
1199 1258 1453 1309 extructa
1487 1254 1773 1308 domorum

222 1333 294 1385 ad
329 1333 647 1402 caelumque
679 1332 852 1401 magis
887 1335 1093 1400 quanto
1129 1334 1261 1385 sunt
1297 1331 1450 1386 edita
1485 1325 1747 1400 quaeque,

222 1408 483 1464 inclinata
517 1409 795 1463 minantur
827 1409 886 1462 in
922 1408 1153 1462 eandem
1188 1407 1412 1476 prodita
1442 1411 1659 1476 partem

222 1489 642 1554 protractaeque
675 1485 863 1539 trabes
897 1484 1201 1554 inpendent
1235 1485 1317 1539 ire
1353 1488 1593 1554 paratae.

224 1567 285 1617 et
318 1564 573 1616 metuunt
607 1562 787 1629 magni
822 1564 1076 1614 naturam
1112 1561 1342 1615 credere
1377 1560 1567 1613 mundi
1867 1572 1948 1613 5⁶5

225 1638 447 1694 exitiale
480 1637 704 1707 aliquod
738 1640 957 1706 tempus
993 1636 1316 1705 clademque
1350 1652 1589 1704 manere,
1670 1645 1675 1650 ’

225 1731 350 1768 cum
385 1714 606 1769 videant
639 1716 852 1768 tantam
887 1716 1162 1768 terrarum
1197 1713 1514 1767 incumbere
1551 1712 1780 1766 molem!

226 1791 376 1861 quod
408 1791 513 1846 nisi
546 1790 821 1860 respirent
856 1789 1022 1855 venti,
1056 1790 1139 1843 vis
1171 1789 1322 1844 nulla
1357 1790 1599 1844 refrenet

226 1884 316 1922 res
350 1883 529 1938 neque
562 1867 634 1922 ab
670 1868 837 1922 exitio
873 1866 1047 1936 possit
1082 1865 1488 1935 reprehendere
1524 1864 1718 1920 euntis.

225 1961 370 2000 nunc
404 1945 532 2015 quia
566 1945 840 2013 respirant
874 1943 1101 1997 alternis
1137 1943 1307 2012 inque
1342 1946 1674 2012 gravescunt
1871 1956 1948 1996 570

227 2024 287 2075 et
322 2022 477 2091 quasi
512 2021 726 2076 collecti
761 2021 1000 2076 redeunt
1035 2020 1354 2088 ceduntque
1389 2019 1613 2088 repulsi,

228 2099 444 2166 saepius
476 2098 616 2152 hanc
652 2097 723 2152 ob
757 2115 875 2153 rem
909 2096 1195 2150 minitatur
1228 2099 1381 2150 terra
1416 2096 1601 2150 ruinas

228 2190 393 2243 quam
427 2174 589 2240 facit3
623 2175 914 2229 inclinatur
947 2173 1093 2227 enim
1127 2175 1387 2241 retroque
1421 2173 1634 2226 recellit

228 2257 288 2304 et
323 2251 518 2320 recipit
551 2251 810 2319 prolapsa
846 2267 971 2304 suas
1004 2251 1062 2304 in
1096 2249 1343 2316 pondera
1379 2248 1557 2302 sedes.

228 2327 331 2381 hac
364 2326 537 2394 igitur
570 2326 781 2380 ratione
816 2326 1072 2380 vacillant
1105 2326 1289 2379 omnia
1321 2328 1486 2393 tecta,
1867 2337 1943 2377 5⁷5

229 2419 440 2457 summa
474 2402 649 2470 magis
683 2402 894 2470 mediis,
930 2402 1113 2455 media
1146 2401 1289 2470 imis,
1322 2401 1435 2455 ima
1468 2399 1756 2470 perhilum.

300 2479 402 2533 Est
435 2478 571 2532 haec
605 2477 850 2532 eiusdem
887 2494 1104 2547 quoque
1140 2478 1323 2547 magni
1358 2493 1521 2532 causa
1554 2475 1824 2542 tremoris,

231 2560 425 2611 ventus
457 2554 552 2610 ubi
587 2558 755 2625 atque
789 2556 1002 2610 animae
1038 2555 1221 2609 subito
1255 2556 1337 2609 vis
1372 2555 1610 2608 maxima
1643 2553 1914 2622 quaedam

230 2637 325 2689 aut
361 2633 701 2689 extrinsecus
736 2635 834 2687 aut
866 2633 989 2700 ipsa
1022 2631 1223 2686 tellure
1259 2634 1445 2685 coorta

229 2711 288 2764 in
321 2711 440 2766 loca
474 2727 534 2765 se
568 2726 701 2764 cava
734 2710 903 2764 terrai
938 2707 1171 2763 coniecit
1203 2708 1392 2777 ibique
1460 2717 1471 2733 ‘
1866 2718 1943 2759 sse

231 2786 514 2854 speluncas
548 2786 694 2839 inter
726 2801 953 2852 magnas
986 2784 1177 2837 fremit
1210 2788 1340 2836 ante
1374 2782 1614 2836 tumultu

230 2859 681 2926 versabundaque
715 2864 986 2927 portatur,
1021 2861 1149 2927 post
1183 2859 1351 2912 incita
1385 2874 1509 2910 cum
1545 2858 1627 2911 vis

231 2935 511 3000 exagitata
544 2934 689 2986 foras
725 2936 1029 3002 erumpitur
1064 2937 1123 2987 et
1159 2933 1318 2987 simul
1353 2933 1519 2986 altam

232 3008 523 3061 diffindens
557 3011 766 3063 terram
802 3027 1060 3078 magnum
1096 3011 1388 3063 concinnat
1421 3009 1646 3062 hiatum.

230 3083 289 3135 in
325 3082 481 3149 Syria
514 3081 717 3137 Sidone
750 3086 900 3153 quod
932 3085 1131 3138 accidit
1165 3089 1224 3137 et
1257 3085 1361 3137 fuit
1398 3085 1543 3150 Aegi
1869 3099 1957 3140 ⁵85·

230 3158 288 3209 in
327 3157 713 3225 Peloponneso,
747 3176 883 3226 quas
918 3161 1100 3212 exitus
1134 3161 1224 3212 hic
1259 3160 1458 3212 animai
1948 3175 1958 3186 ·

268 3311 324 3385 k
