2259 3442
1134 130 1234 188 VI
1914 136 2035 199 189

321 235 541 288 volvere
576 233 633 287 in
669 250 767 289 ore
800 234 969 289 licere
1002 236 1065 288 et
1096 233 1238 288 caeli
1269 231 1479 301 templa
1513 234 1671 297 tueri,

320 309 423 364 hoc
458 310 576 364 aliis
612 309 734 365 erat
770 310 942 365 exitio
977 311 1263 378 letumque
1297 308 1548 379 parabat.

214 399 304 434 1²³⁰
318 387 455 440 illud
488 388 546 440 in
579 386 665 440 his
699 387 865 440 rebus
899 385 1270 439 miserandum
1303 402 1635 456 magnopere
1668 405 1838 445 unum

318 463 690 519 aerumnabile
717 466 860 529 erat,
898 462 1048 531 quod
1081 460 1178 515 ubi
1212 479 1273 516 se
1308 462 1539 531 quisque
1574 464 1800 521 videbat
1936 481 2034 521 1230

315 541 643 611 implicitum
678 538 887 607 morbo,
921 537 1087 592 morti
1122 538 1415 593 damnatus
1450 543 1517 595 ut
1553 545 1718 608 esset,

318 617 579 673 deficiens
615 617 796 670 animo
831 619 1043 680 maesto
1078 633 1203 671 cum
1239 616 1405 670 corde
1439 617 1669 686 iacebat,

314 695 508 749 funera
542 696 861 764 respectans
897 693 1136 757 animam
1171 693 1467 748 amittebat
1502 693 1725 748 ibidem.

218 793 303 828 ms
389 771 716 825 Incomitata
749 769 869 838 rapi
903 768 1190 824 certabant
1222 769 1414 823 funera
1450 774 1633 833 vasta;

217 874 302 907 ηπ
317 848 520 917 quippe
556 847 760 900 etenim
796 846 947 900 nullo
982 845 1272 901 cessabant
1307 849 1557 914 tempore
1593 846 1765 916 apisci
1933 862 2030 902 1235

317 941 386 978 cx
422 923 543 977 aliis
578 923 714 977 alios
747 923 896 977 avidi
929 923 1185 990 contagia
1217 922 1409 989 morbi,

217 1013 302 1046 ¹2⁴⁵
316 1001 585 1069 lanigeras
619 1004 902 1068 tamquam
935 999 1179 1069 pecudes
1212 1002 1273 1053 ct
1305 997 1511 1053 bucera
1543 1000 1737 1055 saecla.
1804 1060 1813 1068 ,

216 1096 302 1130 12³7
316 1076 484 1146 idque
519 1077 605 1130 vel
640 1077 696 1131 in
731 1076 927 1145 primis
959 1074 1276 1130 cumulabat
1308 1074 1503 1129 funere
1535 1076 1711 1131 funuS.

316 1171 442 1207 nam
481 1153 813 1223 quicumque
849 1169 976 1207 suos
1012 1150 1334 1220 fugitabant
1365 1152 1538 1206 visere
1573 1152 1646 1206 ad
1680 1168 1890 1222 aegroti,

317 1231 444 1285 vitai
482 1231 706 1284 nimium
742 1230 970 1300 cupidos
1003 1229 1305 1299 mortisque
1341 1229 1585 1283 timentis
1930 1246 2029 1285 1220

221 1317 303 1350 ¹2⁴⁰
316 1307 577 1377 poenibat
614 1307 778 1377 paulo
812 1310 941 1377 post
975 1306 1124 1375 turpi
1159 1309 1340 1360 morte
1374 1305 1642 1375 malaque,

317 1385 585 1452 desertos,
620 1384 740 1454 opis
776 1384 1033 1454 expertis,
1070 1383 1278 1437 incuria
1312 1385 1571 1437 mactans.

317 1460 411 1530 qui
446 1461 665 1515 fuerant
698 1463 885 1514 autem
922 1463 1156 1529 praesto,
1193 1458 1514 1527 contagibus
1546 1458 1702 1515 ibant

317 1541 488 1606 atque
522 1537 726 1605 labore,
760 1536 941 1607 pudor
976 1552 1144 1604 quem
1177 1539 1297 1589 tum
1332 1534 1566 1603 cogebat
1600 1534 1754 1589 obire

317 1612 623 1683 blandaque
657 1613 923 1667 lassorum
958 1629 1062 1665 vox
1099 1612 1276 1665 mixta
1310 1628 1441 1666 voce
1476 1611 1765 1680 querellae.
1932 1628 2027 1668 1245

220 1704 304 1737 ¹2⁴⁶
317 1690 557 1760 optimus
591 1690 695 1744 hoc
730 1689 830 1743 leti
864 1705 1038 1757 genus
1074 1705 1207 1756 ergo
1243 1688 1478 1758 quisque
1515 1687 1751 1744 subibat.

315 1843 479 1911 inque
514 1841 635 1896 aliis
668 1841 850 1909 alium,
885 1840 1147 1910 populum
1183 1840 1415 1910 sepelire
1450 1858 1671 1896 suorum

316 1923 620 1974 certantes:
656 1918 894 1972 lacrimis
926 1918 1056 1972 lassi
1088 1917 1351 1986 luctuque
1385 1917 1672 1984 redibant3

314 1995 446 2049 inde
480 1994 679 2048 bonam
715 1996 931 2064 partem
966 1994 1024 2047 in
1058 1993 1263 2048 lectum
1298 2010 1547 2048 maerore
1582 1994 1870 2051 dabantur.

317 2088 415 2125 nec
428 2074 650 2141 poterat
667 2071 956 2140 quisquam
976 2070 1224 2140 reperiri,
1243 2088 1410 2140 quem
1428 2087 1611 2141 neque
1625 2072 1850 2128 morbus
1931 2089 2027 2126 12²5»

316 2164 417 2202 nec
451 2164 601 2201 mors
630 2164 732 2202 nec
765 2147 947 2200 luctus
978 2149 1282 2216 temptaret
1316 2151 1566 2215 tempore
1600 2148 1713 2202 tali.

390 2225 686 2278 Praeterea
718 2223 830 2277 iam
862 2225 1053 2293 pastor
1088 2226 1153 2277 et
1184 2224 1549 2277 armentarius
1583 2226 1759 2280 omnis

318 2303 378 2355 ct
411 2300 669 2355 robustus
704 2300 838 2355 item
874 2300 1025 2354 curvi
1060 2299 1378 2355 moderator
1412 2300 1585 2355 aratri

314 2377 625 2446 languebat,
657 2377 990 2448 penitusque
1024 2392 1150 2430 casa
1183 2382 1447 2431 contrusa
1473 2378 1725 2433 iacebant

316 2470 549 2543 corpora
580 2458 908 2524 paupertate
944 2457 1003 2508 et
1038 2453 1235 2507 morbo
1268 2454 1465 2509 dedita
1493 2455 1671 2508 morti.
1931 2467 2028 2506 ω’»

318 2530 582 2584 exammis
616 2530 804 2598 pueris
836 2546 1003 2599 super
1037 2530 1348 2584 exanimata
1379 2533 1670 2599 parentum

318 2622 548 2677 corpora
583 2622 986 2675 nonnumquam
1024 2623 1214 2675 posses
1247 2610 1509 2675 retroque
1543 2606 1732 2660 videro

315 2682 586 2739 matribus
619 2687 679 2739 et
713 2683 967 2753 patribus
999 2686 1165 2736 natos
1194 2700 1362 2773 super
1395 2683 1564 2737 edere
1596 2683 1779 2738 vitam.

315 2776 417 2814 nec
450 2760 730 2814 minimam
763 2763 984 2828 partem
1017 2777 1086 2814 ex
1122 2761 1270 2829 agris
1302 2760 1351 2814 is
1386 2776 1603 2814 maeror
1637 2760 1694 2813 in
1728 2758 1924 2815 urbem

317 2835 593 2904 confluxit,
627 2836 892 2925 languens
927 2853 1092 2906 quem
1127 2838 1358 2893 contulit
1393 2836 1750 2905 agnicolanun
1932 2851 2028 2892 1260

319 2911 474 2982 copia
508 2913 833 2967 conveniens
865 2931 935 2967 ex
971 2914 1120 2967 omni
1155 2915 1407 2970 morbida
1439 2918 1613 2983 parte.

318 2989 498 3043 omnia
532 2988 859 3058 conplebant
891 2990 1010 3043 loca
1043 2994 1333 3059 tectaque3
1368 3008 1478 3061 quo
1511 2991 1687 3060 magis
1720 2993 1846 3045 astu

319 3067 589 3121 confertos
625 3067 704 3120 ita
738 3067 1035 3121 acervatim
1068 3084 1218 3121 mors
1252 3067 1642 3122 accumulabat.

319 3143 493 3197 multa
528 3144 618 3197 siti
653 3146 938 3213 protracta
970 3143 1113 3197 viam
1149 3160 1252 3213 per
1283 3161 1494 3214 proque
1529 3144 1718 3199 voluta

320 3235 545 3288 corpora
580 3220 782 3273 silanos
815 3219 888 3275 ad
921 3236 1187 3290 aquarum
1224 3224 1400 3275 strata
1434 3220 1686 3275 iacebant
1932 3234 2026 3273 12a5
