2259 3442
241 104 355 161 120
1045 100 1104 156 V

234 224 472 277 namque
505 208 587 262 ita
621 207 729 260 mul
738 212 794 260 ta
827 206 1003 259 modis
1037 205 1226 259 multis
1259 207 1560 276 primordia
1592 222 1776 262 rerum

235 301 305 339 ex
338 284 551 337 infinito
584 283 689 336 iam
727 289 974 350 tempore
1008 281 1218 349 percita
1250 282 1428 351 plagis

232 359 673 431 ponderibusque
709 359 821 412 suis
856 361 1185 412 consuerunt
1220 359 1430 413 concita
1461 359 1594 413 ferri

236 436 667 505 omnimodisque
703 435 848 489 coire
882 438 1050 503 atque
1086 434 1267 488 omnia
1300 438 1689 505 pertemptare,
1865 450 1941 492 1⁹⁰

236 529 611 583 quaecumque
644 513 790 566 inter
826 529 884 566 se
918 515 1145 581 possent
1179 527 1468 579 congressa
1502 528 1705 581 creare,

235 593 299 643 ut
333 606 440 643 non
477 590 550 643 sit
584 588 781 642 mirum
818 588 863 641 si
899 588 955 641 iu
989 587 1116 642 talis
1153 587 1513 656 disposituras

238 665 561 720 deciderunt
595 681 810 734 quoque
845 667 904 718 et
937 664 994 718 in
1028 664 1156 717 talis
1189 680 1388 717 venere
1421 667 1652 733 meatus,

237 741 487 810 qualibus
521 742 656 795 haee
690 757 876 794 rerum
910 740 1123 808 geritur
1156 756 1301 796 nune
1337 756 1548 794 summa
1581 741 1849 795 novanda

309 817 466 882 Quod
488 817 542 871 εἰ
564 817 672 871 iam
696 833 882 870 rerum
906 817 1151 883 ignorem
1173 816 1472 887 primordia
1494 832 1635 885 quae
1661 817 1785 885 sint,
1869 829 1944 873 195

236 893 339 947 hoe
374 897 559 947 tamen
593 909 663 947 ex
698 892 830 961 ipsis
865 892 1001 947 caeli
1036 892 1339 947 rationibus
1373 892 1548 946 ausim

238 969 559 1024 confirmare
594 969 823 1036 aliisque
858 985 929 1023 ex
964 968 1131 1023 rebus
1166 969 1403 1023 reddere
1436 968 1641 1038 multis,

237 1063 581 1115 nequaquam
616 1045 774 1100 nobis
809 1045 1072 1100 divinitus
1107 1061 1228 1099 esse
1262 1049 1512 1114 paratam

235 1128 486 1175 naturam
522 1139 733 1177 rerum:
768 1125 927 1176 tanta
960 1125 1075 1175 stat
1109 1121 1363 1190 praedita
1397 1123 1571 1191 eulpa.

237 1199 500 1267 principio
535 1203 801 1269 quantum
835 1198 970 1252 caeli
1005 1197 1148 1266 tegit
1182 1198 1418 1266 impetus
1452 1199 1657 1267 ingens,
1869 1210 1944 1253 200

236 1275 364 1328 inde
400 1276 577 1329 avidei
610 1278 829 1343 partem
862 1276 1075 1328 montes
1111 1274 1385 1342 silvaeque
1418 1274 1659 1329 ferarum

235 1351 545 1420 possedere,
579 1354 771 1404 tenent
805 1366 969 1418 rupes
1002 1352 1301 1418 vastaeque
1334 1350 1564 1419 paludes

238 1430 298 1481 et
331 1444 481 1480 mare
517 1426 664 1495 quod
697 1427 810 1480 late
843 1429 1117 1479 terrarum
1153 1425 1381 1480 distinet
1416 1443 1554 1481 oras.

235 1503 365 1556 inde
402 1502 539 1556 duas
573 1518 735 1569 porro
769 1517 940 1570 prope
974 1501 1148 1569 partis
1183 1502 1426 1555 fervidus
1459 1502 1624 1556 ardor

235 1577 607 1647 adsiduusque
641 1578 750 1645 geli
786 1594 943 1631 casus
976 1577 1299 1632 mortalibus
1334 1578 1526 1633 aufert.
1867 1590 1942 1631 205

235 1654 383 1721 quod
422 1658 673 1723 superest
707 1653 834 1718 arvi,
868 1656 1054 1707 tamen
1089 1654 1151 1707 id
1183 1658 1382 1708 natura
1416 1671 1515 1708 sua
1546 1654 1601 1708 vi

236 1730 484 1784 sentibus
520 1729 772 1796 obducat,
806 1729 865 1782 ni
899 1730 981 1784 vis
1014 1729 1253 1783 humana
1286 1730 1510 1785 resistat

236 1808 368 1861 vitai
404 1823 569 1861 eausa
595 1806 784 1861 valido
820 1810 1080 1861 consueta
1114 1805 1326 1860 bidenti

236 1884 510 1950 ingemere
546 1886 604 1937 et
640 1887 846 1937 terram
880 1883 1083 1950 pressis
1120 1883 1470 1951 proscindere
1506 1883 1716 1939 aratris,

236 1960 282 2013 si
317 1977 425 2013 non
461 1958 723 2013 fecundas
759 1963 1038 2012 vertentes
1072 1974 1293 2012 vomere
1327 1959 1516 2026 glebas
1864 1971 1942 2022 210
2024 1987 2031 1992 -

235 2037 511 2103 terraique
549 2035 721 2088 solum
758 2035 1073 2102 subigentes
1109 2035 1281 2089 cimus
1316 2035 1389 2088 ad
1424 2039 1593 2104 ortuS‚

235 2116 428 2181 sponte
465 2129 563 2166 sua
596 2115 870 2180 nequeant
906 2111 1140 2178 liquidas
1177 2111 1414 2165 existere
1449 2113 1503 2165 iu
1540 2128 1715 2180 auram,

233 2193 293 2244 et
327 2193 512 2243 tamen
546 2188 824 2243 interdum
859 2204 1056 2256 magne
1091 2188 1338 2256 quaesita
1372 2188 1559 2242 labore

233 2282 356 2319 eum
391 2266 499 2318 iam
534 2281 634 2333 per
668 2267 845 2318 terras
878 2264 1138 2318 frondent
1173 2268 1339 2333 atque
1375 2265 1556 2317 omnia
1589 2264 1800 2334 flerent,

233 2345 330 2395 aut
364 2340 545 2393 nimiis
580 2342 755 2392 terret
790 2339 1092 2393 fervoribus
1128 2339 1404 2394 aetherius
1441 2340 1521 2394 sol
1865 2354 1938 2395 215

231 2419 328 2470 aut
364 2414 530 2469 subiti
564 2417 854 2483 peremunt
888 2414 1077 2468 imbris
1113 2416 1439 2484 gelidaeque
1474 2417 1718 2486 pruinae,
2234 2437 2258 2486 gf

234 2492 512 2561 flabraque
546 2495 833 2544 ventorum
869 2491 1106 2545 violento
1144 2492 1362 2545 turbine
1396 2497 1612 2547 vexant.
2256 2489 2257 2516 Τ

232 2571 522 2639 praeterea
556 2584 730 2635 genus
762 2567 1088 2621 horriferum
1124 2572 1324 2621 natura
1359 2568 1600 2623 ferarum

231 2646 501 2699 humanae
536 2644 688 2712 genti
720 2643 978 2697 infestum
1013 2648 1270 2712 terraque
1304 2645 1547 2712 marique

232 2738 331 2775 eur
365 2721 463 2775 alit
496 2726 663 2789 atque
699 2723 896 2788 auget?
932 2737 1031 2775 eur
1065 2721 1193 2773 anni
1226 2724 1477 2789 tempora
1508 2720 1727 2775 morbos
1865 2733 1939 2779 22⁰

234 2796 563 2864 adportant?
599 2812 766 2861 quare
803 2813 949 2849 mors
983 2797 1260 2849 inmatura
1294 2798 1556 2863 vagatur?

233 2874 354 2925 tum
389 2887 551 2939 porro
586 2887 739 2939 puer,
773 2875 836 2924 ut
871 2871 1044 2925 saevis
1077 2871 1353 2939 proiectus
1387 2872 1457 2925 ab
1490 2871 1652 2925 undis

232 2947 431 3011 navita,
467 2945 645 2998 nudus
679 2946 831 2999 humi
863 2948 1019 3014 iacet,
1053 2946 1246 3013 infanS,
1279 2947 1496 3014 indigus
1530 2947 1676 3001 omni

233 3020 385 3074 vitali
421 3019 634 3087 auxilie,
670 3037 793 3073 cum
828 3023 1065 3090 primum
1099 3021 1156 3074 in
1190 3021 1407 3074 luminis
1441 3038 1564 3075 oras
2256 3027 2257 3058 ¹

234 3094 451 3149 nixibus
486 3111 555 3147 ex
590 3095 711 3148 alvo
746 3098 936 3150 matris
970 3100 1167 3150 natura
1201 3096 1460 3165 profudit,
1861 3114 1936 3155 22⁵
2256 3107 2257 3194 l

234 3171 526 3238 me'ituque
561 3170 738 3223 locum
775 3171 992 3239 lugubri
1026 3172 1280 3241 complet,
1314 3174 1377 3225 ut
1411 3176 1656 3228 aecumst
2236 3207 2258 3268 q

2256 3301 2257 3326 l
