2259 3442
247 115 324 173 78
1041 115 1152 171 ΙΙΙ

243 214 545 288 particulae
579 216 778 286 quibus
811 216 946 271 haec
981 218 1148 272 animi
1183 221 1383 273 natura
1417 223 1653 286 creatur,

244 312 387 363 quae
421 311 564 348 nunc
598 294 654 347 in
689 295 877 348 nostro
914 294 1229 349 dominatur
1263 312 1489 366 corpore
1523 300 1660 351 nata

245 388 315 425 ex
351 370 445 424 illa
479 387 650 439 quae
661 376 779 423 tum
816 370 982 438 periit
1016 364 1222 439 partita
1255 389 1358 440 per
1392 376 1559 426 artus.
1881 390 1956 430 710

244 451 584 517 quapropter
611 462 793 514 neque
829 446 998 499 natali
1032 447 1250 514 privata
1285 448 1506 502 videtur
1939 457 1945 472 ·

243 541 366 578 8888
400 524 491 578 die
525 525 724 577 natura
756 521 978 575 animae
1004 538 1104 576 nec
1140 522 1347 578 funeris
1383 541 1592 594 expers.

143 609 206 689 χχ
318 600 534 655 Semina
567 600 858 668 praeterea
891 597 1230 667 linquontur
1244 617 1417 655 necne
1452 602 1651 654 animai

242 693 468 746 corpore
501 675 559 728 in
596 674 878 729 exanimo?
914 675 1063 743 quod
1099 676 1147 729 si
1182 676 1461 731 lincuntur
1496 680 1555 731 et
1589 678 1788 743 insunt,

244 753 377 806 haut
412 752 519 806 erit
553 754 618 805 ut
651 750 850 804 merito
887 751 1191 806 inmortalis
1220 753 1409 822 possit
1434 752 1644 822 haberi,
1682 754 1693 761 ⁴
1879 768 1952 811 715

240 827 488 897 partibus
524 812 760 881 amlssis·
772 828 1028 895 quoniam
1062 827 1235 882 libata
1269 830 1512 884 recessit.

241 904 326 958 sin
361 904 441 958 ita
474 903 697 958 sinceris
732 903 991 957 membris
1026 904 1213 958 ablata
1246 905 1490 974 profugit

241 985 304 1034 ut
338 981 514 1034 nullas
547 980 722 1049 partis
758 980 814 1033 in
850 988 1075 1049 corpore
1108 981 1334 1050 liquerit
1369 999 1438 1036 ex
1475 999 1550 1050 88,

240 1057 388 1112 unde
421 1056 688 1111 cadavera
720 1058 969 1111 rancenti
1003 1058 1112 1110 iam
1147 1058 1354 1113 viscere
1391 1075 1606 1113 vermes

240 1134 492 1204 expirant
525 1138 694 1211 atque
728 1134 878 1187 unde
913 1134 1251 1188 animantum
1286 1136 1440 1203 copia
1473 1139 1632 1190 tanta
1877 1149 1952 1190 72⁰

167 1264 174 1273 ,
240 1227 372 1265 exos
406 1218 464 1265 et
499 1210 764 1278 exanguis
801 1210 1042 1264 tumidos
1076 1210 1412 1278 perfluctuat
1445 1213 1634 1266 artus?

240 1287 388 1355 quod
425 1288 469 1340 si
504 1287 647 1341 forte
684 1287 892 1340 animas
928 1287 1267 1341 extrinsecus
1301 1288 1563 1341 insinuari

240 1363 513 1416 vermibus
548 1366 607 1417 et
641 1364 823 1432 privas
857 1364 913 1416 in
949 1379 1179 1431 corpora
1213 1381 1373 1433 posse
1408 1365 1594 1418 venire

238 1438 417 1493 credis
451 1456 552 1493 nec
585 1443 809 1508 reputas
844 1456 942 1493 cur
976 1439 1128 1492 milia
1150 1440 1340 1493 'multa
1373 1441 1673 1494 animarum

238 1514 560 1569 conveniant
596 1515 741 1568 unde
775 1531 884 1568 una
920 1516 1225 1584 recesserit,
1259 1515 1362 1570 hoc
1398 1520 1583 1570 tamen
1620 1521 1707 1571 est
1742 1520 1806 1571 ut
1872 1530 1947 1573 725

240 1590 610 1659 quaerendum
633 1590 899 1643 -vidcatur
933 1594 993 1644 et
1028 1591 1082 1643 in
1119 1591 1413 1646 discrimen
1448 1593 1736 1661 agendum,

237 1671 420 1721 utrum
454 1666 679 1721 tandem
716 1668 926 1723 animae
963 1671 1232 1722 venentur
1267 1670 1476 1723 semina
1511 1687 1759 1740 quaeque

239 1743 651 1798 vermiculorum
687 1744 949 1813 ipsaeque
984 1744 1087 1797 sibi
1122 1744 1458 1801 fabricentur
1491 1747 1588 1802 ubi
1623 1747 1749 1815 sint,

236 1836 305 1874 an
342 1820 496 1890 quasi
530 1820 845 1888 corporibus
879 1821 1137 1890 perfectis
1171 1822 1527 1878 insinuentur.

235 1901 294 1951 at
330 1914 509 1966 neque
543 1913 641 1951 cur
675 1897 877 1952 faciant
913 1898 1064 1967 ipsae
1100 1915 1337 1967 quareve
1372 1898 1623 1954 laborent
1869 1914 1943 1954 730

235 1974 417 2028 dicere
454 1974 782 2043 suppeditat.
817 1991 997 2042 neque
1032 1976 1194 2038 enim,
1232 1976 1346 2030 sine
1381 1993 1608 2045 corpore
1639 1993 1762 2030 cum
1796 1979 1940 2042 sunt,

235 2050 499 2105 sollicitae
534 2051 766 2105 volitant
801 2051 1006 2104 morbis
1042 2051 1278 2120 alguque
1312 2052 1577 2121 fameque.

234 2144 431 2196 corpus
465 2127 610 2182 enim
646 2128 821 2195 magis
855 2128 943 2181 his
979 2128 1126 2190 vitiis
1163 2129 1344 2182 adfine
1380 2128 1593 2181 laborat

235 2209 293 2258 ct
328 2204 472 2257 mala
505 2205 680 2258 multa
714 2205 925 2259 animus
961 2209 1191 2274 contage
1225 2205 1471 2273 fungitur
1505 2205 1636 2258 cius.

233 2280 333 2334 sed
368 2284 552 2335 tamen
587 2281 672 2334 his
707 2284 827 2335 esto
862 2281 1109 2350 quamvis
1144 2283 1322 2334 facere
1357 2280 1493 2333 utile
1527 2296 1724 2348 corpus
1865 2295 1940 2336 ⁷36

233 2356 384 2425 quod
418 2356 681 2423 subeant3
716 2360 775 2411 at
808 2375 917 2427 qua
951 2358 1161 2427 possint
1195 2356 1282 2410 via
1315 2355 1464 2409 nulla
1498 2356 1730 2409 videtur.

232 2433 367 2487 haut
402 2433 572 2501 igitur
607 2433 816 2487 faciunt
851 2434 1061 2488 animae
1099 2434 1201 2486 sibi
1237 2449 1465 2501 corpora
1499 2437 1559 2487 et
1592 2436 1759 2487 artus.

232 2526 332 2564 nec
366 2514 551 2563 tamen
589 2512 676 2564 est
711 2510 937 2578 quidum
975 2511 1232 2579 perfectis
1265 2509 1607 2564 insinuentur

230 2586 579 2657 corporibus3
615 2604 795 2656 neque
831 2588 976 2641 enim
1011 2590 1277 2657 poterunt
1312 2587 1590 2656 suptiliter
1623 2603 1745 2642 esse

230 2678 469 2719 conexae
503 2681 682 2733 neque
717 2681 1010 2719 consensus
1045 2665 1298 2733 contagia
1332 2665 1482 2719 fient.
1864 2676 1939 2719 ⁷40

302 2740 556 2809 Denique
591 2758 687 2794 cur
722 2741 862 2794 acris
896 2741 1155 2795 violentia
1189 2742 1352 2795 triste
1387 2742 1605 2796 leonum

230 2816 515 2869 seminium
553 2817 815 2883 sequitur,
852 2817 1040 2885 volpes
1075 2817 1249 2886 dolus,
1285 2821 1345 2872 et
1378 2817 1511 2886 fuga
1545 2833 1746 2885 cervos,

229 2909 263 2940 A
289 2907 527 2939 PATRIBUS
553 2908 720 2940 DATUR
743 2909 804 2942 m·
822 2910 857 2942 A
876 2910 1078 2943 PATRIUS
1103 2911 1264 2944 PAVOR
1292 2911 1491 2944 tNOI'rAT
1516 2911 1672 2944 ABTUS

230 2969 290 3020 ct
322 2966 433 3019 iam
468 2969 654 3019 cetera
688 2966 761 3020 de
792 2984 995 3035 genere
1029 2970 1132 3025 hoc
1168 2988 1267 3025 cur
1302 2971 1483 3025 omnia
1516 2971 1776 3026 membris

229 3058 299 3095 ex
334 3041 558 3095 incunte
592 3057 727 3095 aevo
761 3051 1125 3109 generascunt
1160 3047 1503 3115 ingenioque,
1861 3059 1936 3103 746

230 3117 274 3152 ⁰³
314 3133 435 3179 non,
474 3119 624 3169 certa
660 3133 757 3170 suo
793 3119 921 3186 quia
956 3122 1162 3174 semine
1198 3122 1536 3191 seminioque

345 3192 506 3244 animi
543 3192 751 3258 pariter
783 3194 981 3246 crescit
1014 3212 1139 3248 cum
1173 3213 1401 3259 corpore
1434 3198 1589 3251 toto?
