2259 3442
1078 124 1114 160 X

239 256 506 295 summam
553 257 675 295 esse
718 241 1005 295 infinitam.
1097 240 1289 309 itaque
1327 240 1406 296 sic
1441 241 1560 298 fere
1591 243 1742 314 quod
1779 244 1940 302 deest

239 327 626 384 sufficiendum.
673 327 788 382 Sed
801 327 1056 396 spatium
1071 343 1254 396 supra
1271 327 1443 383 docui
1463 328 1588 386 sine
1595 331 1722 399 fine
1725 339 1937 400 patere.

239 413 310 468 Si
319 415 501 482 finita
537 414 725 481 ἐρίων
755 431 982 468 summa
1012 421 1145 469 esset
1176 415 1464 485 materiai,
1488 417 1608 472 Nec
1626 433 1791 472 mare
1812 422 1915 473 cet.

342 505 472 553 1041
545 515 646 567 pro
670 511 778 552 VIA
801 515 925 553 cum
960 502 1270 554 correctore
1306 500 1563 568 quadrati
1589 505 1649 557 et
1671 502 1793 556 aliis
1817 503 1941 558 viai

239 587 449 657 scripsi.
496 586 853 657 ⁴Lachmanni
876 586 1076 654 viaque
1097 587 1326 641 nimium
1348 588 1589 648 videtur.

344 676 492 728 1061.
562 672 951 739 Lachmannus,
973 673 1239 727 adsimili
1269 691 1369 743 pro
1397 687 1470 727 ΕΤ
1500 687 1690 728 summ
1718 675 1937 745 scripto,

236 758 379 814 hunc
402 776 620 815 versum
656 775 826 829 prave
855 776 980 815 cum
1013 759 1386 829 superioribus
1409 761 1703 816 coniunxit.
1725 762 1792 816 cf.
1815 779 1938 816 ann.

236 844 366 915 phil.
391 844 546 901 Cant.
570 860 674 915 rp.
699 851 782 901 34.

346 936 480 987 1068
534 934 637 986 cet.
696 946 888 985 versus
924 931 1106 986 mutili
1146 930 1250 986 hoc
1285 931 1405 988 fere
1444 931 1608 986 modo
1650 933 1938 1003 supplendi

235 1014 507 1070 videntur.
583 1021 715 1072 1068
737 1017 1076 1082 errorsalsa
1097 1017 1378 1086 probavit,
1402 1016 1490 1072 vel
1513 1032 1684 1092 error
1713 1017 1939 1073 somnia

223 1104 421 1172 finxit.
463 1110 595 1160 1069
612 1120 885 1174 perversa
907 1120 1032 1158 rem
1056 1105 1294 1159 ratione.
1337 1109 1470 1164 1070
1492 1106 1720 1173 quando
1739 1106 1939 1160 omnia

234 1196 511 1250 constant.
579 1192 713 1247 1072
748 1206 873 1244 eam
896 1190 1082 1257 maqis
1105 1192 1168 1245 ob
1191 1207 1329 1245 rem.
1392 1191 1771 1245 Lachmannus
1794 1191 1938 1246 coni-

236 1275 312 1329 cit
334 1276 500 1329 malle
514 1275 740 1344 putari.
803 1279 935 1334 1073
960 1277 1171 1344 repelli.
1232 1276 1609 1331 Lachmannus
1633 1276 1752 1331 sine
1774 1293 1939 1332 causa

233 1361 348 1415 alio
371 1378 472 1431 pro
494 1374 646 1414 ALIA.
716 1361 864 1417 idem
889 1363 947 1416 in
969 1363 1081 1417 fine
1102 1379 1307 1416 meare.

342 1454 477 1504 1082
544 1448 672 1503 libri
689 1460 1022 1501 colvenum
1052 1461 1242 1508 menn,
1266 1464 1327 1501 m
1354 1447 1497 1502 male
1518 1447 1809 1516 geminata
1852 1447 1936 1501 ed.

237 1535 386 1589 Iunt.
408 1535 654 1590 concilia
725 1534 1102 1588 Lachmannus
1126 1533 1194 1587 in
1219 1533 1782 1589 concilium...vectae.

343 1625 692 1675 1094—1101.
764 1621 822 1673 in
863 1637 983 1673 ann.
1023 1617 1156 1687 phil.
1196 1618 1351 1672 Cant.
1378 1633 1403 1672 1
1438 1635 1491 1687 p.
1532 1621 1634 1676 378
1672 1633 1771 1687 pro
1811 1620 1934 1672 octo

234 1705 484 1760 versibus
516 1705 741 1761 Lucreti
768 1705 862 1774 qui
885 1704 1174 1773 perierunt
1201 1702 1301 1756 hos
1333 1702 1480 1772 dedi,
1507 1701 1765 1757 Daedala
1788 1703 1935 1768 suffi-

232 1792 348 1846 ciat
384 1808 588 1847 rerum
624 1797 843 1844 natura
878 1788 1151 1857 creatrix,
1192 1788 1416 1843 Scilicet
1466 1789 1681 1844 incerto
1718 1789 1936 1844 diversi

231 1895 433 1934 errore
469 1885 735 1947 vaqantes
763 1876 1127 1944 Aryumenta
1158 1874 1267 1928 sibi
1293 1890 1577 1942 prorsum
1603 1874 1935 1944 puqnantia

216 1965 471 2033 finqzmt.
525 1965 680 2030 Quae
704 1970 894 2017 tamen
919 1962 1114 2015 omnia
1138 1960 1444 2030 suntfalsa
1463 1961 1685 2015 ratione
1702 1965 1934 2029 recepta.

231 2051 394 2106 Nam
427 2051 703 2119 quoniam
738 2049 908 2104 docui
936 2048 1192 2115 spatium
1222 2047 1347 2101 sine
1367 2048 1493 2115 fine
1527 2048 1801 2116 modoque
1835 2047 1935 2100 In-

230 2153 596 2204 mensumque
635 2141 831 2203 patere
877 2134 945 2187 in
1001 2139 1232 2187 cunctas
1286 2134 1543 2201 undique
1578 2133 1790 2201 partis,
1836 2132 1935 2186 Sic

223 2222 416 2290 parili
438 2222 662 2275 ratione
688 2225 946 2274 necessest
970 2219 1362 2288 suppeditetur
1383 2220 1632 2289 Infinita
1655 2220 1825 2274 etiam
1849 2220 1936 2274 vis

230 2307 484 2372 undique
504 2304 794 2371 materiai,
818 2303 910 2357 Ne
936 2305 1038 2358 cet.

339 2397 486 2447 1106.
554 2393 613 2445 et
647 2388 837 2443 hic'et
870 2405 918 2443 11
954 2392 1054 2447 719
1088 2389 1468 2445 Lachmannus
1501 2392 1700 2446 omnia
1735 2392 1792 2446 in
1826 2393 1936 2447 fine

227 2494 436 2533 versus,
505 2476 608 2532 sed
629 2476 817 2531 omnis
852 2476 926 2530 ad
956 2479 1164 2531 terram
1198 2477 1453 2531 refertur.
1521 2477 1589 2533 cf.
1613 2493 1674 2532 v1
1701 2483 1800 2533 605
1818 2495 1935 2547 sqq.

227 2562 414 2632 itaque
442 2568 575 2618 1108
598 2563 752 2617 abeat
774 2562 982 2632 scripsi.
1004 2562 1131 2616 libri
1161 2575 1415 2632 ΑΒΕΑΝΤ,
1436 2580 1663 2618 numero
1684 2564 1838 2619 verbi
1863 2567 1935 2620 ad

227 2649 431 2704 vicinas
453 2666 614 2704 voees
638 2648 1063 2703 accommodam.

337 2741 470 2789 1114
538 2752 640 2806 pro
680 2747 768 2788 SIC
807 2734 939 2788 dedi
972 2735 1068 2802 sei,
1105 2737 1234 2803 post
1270 2734 1416 2790 huno
1448 2751 1593 2790 unus
1619 2753 1811 2792 versus
1842 2755 1936 2793 ex—

227 2821 380 2889 cidit,
406 2838 570 2891 quem
592 2820 903 2875 huiusmodi
925 2820 1093 2874 fuisse
1123 2823 1369 2890 apparet,
1396 2820 1606 2877 Cetera·
1628 2822 1751 2877 iam
1782 2831 1936 2893 pote-

228 2907 317 2961 ris
339 2925 453 2976 per
486 2915 536 2962 te
569 2914 685 2962 tute
711 2907 831 2975 ipse
863 2906 1069 2961 videre.
1117 2906 1185 2961 cf.
1209 2923 1331 2961 ann.
1354 2908 1484 2977 phil.
1513 2909 1669 2965 Cant.
1694 2927 1716 2966 1
1739 2929 1793 2982 p.
1818 2915 1936 2970 374:

226 3009 328 3062 pro
360 2994 442 3047 sic
477 2993 857 3049 Lachmannus
887 2990 1014 3058 802’0,
1038 3006 1142 3061 pro
1173 3001 1519 3043 PERDUcrUS
1548 2993 1771 3065 scripsit
1802 3012 1932 3065 per-

227 3081 434 3136 doctus.
