2259 3442
237 98 349 156 106
1045 97 1189 156 1111

233 201 543 270 refrigescit
577 201 723 255 enim
755 201 1067 257 cunctando
1102 200 1266 271 plaga
1298 217 1401 271 per
1435 217 1595 256 amas

232 294 336 332 nee
373 278 547 332 calida
581 277 654 330 ad
690 294 908 332 sensum
945 279 1247 332 decurrunt
1281 276 1473 333 multia
1505 294 1704 332 rerum.

232 359 422 409 errant
458 371 624 424 saepe
658 371 819 408 canes
855 354 1041 423 itaque
1076 357 1136 408 et
1169 354 1402 422 vestigia
1439 357 1722 422 quaerunt.
1878 367 1955 411 705

302 431 378 502 [N
381 449 444 486 ec
478 437 666 486 tamen
701 432 804 485 hoc
839 433 968 486 solis
1002 433 1058 485 in
1094 432 1354 486 odoribus
1389 436 1555 501 atque
1592 448 1845 502 saporum

231 508 288 569 in
322 512 594 577 genet-est,
632 508 731 562 sed
767 509 901 562 item
921 508 1150 578 'species
1185 524 1369 562 rerum
1403 513 1569 578 atque
1603 509 1813 562 colores

233 601 341 638 non
373 584 456 639 ita
490 585 826 639 conveniunt
852 585 925 638 ad
961 601 1150 639 sensus
1187 585 1438 639 omnibus
1473 602 1675 654 omnes,

234 665 299 715 ut
332 676 441 714 non
477 662 587 715 sint
623 660 744 714 aliis
778 662 1048 729 quaedam
1084 662 1258 729 magis
1294 662 1441 716 acria
1473 662 1607 716 visu.

235 737 366 806 quin
402 736 567 791 etiam
602 736 819 804 gallum,
852 742 1070 792 noctem
1106 738 1562 807 explaudentibus
1597 737 1695 791 alis
1879 749 1953 792 710

236 829 489 867 auroram
524 813 671 866 clara
706 818 1024 869 consuetum
1062 831 1195 869 voco
1229 831 1437 883 vocare,

235 905 414 942 noenu
451 893 660 957 queunt
694 890 871 943 rabidi
906 895 1097 945 eontra
1132 894 1385 945 constare
1415 891 1599 945 leones

233 966 397 1034 inque
431 967 602 1021 tueri:
637 967 717 1020 ita
750 967 1006 1020 continuo
1041 967 1337 1021 meminere
1370 968 1533 1036 fugai,

240 1041 492 1096 nimirum
528 1043 655 1112 quia
689 1046 816 1096 sunt
849 1044 1116 1111 gallorum
1151 1044 1207 1096 in
1242 1060 1470 1113 corpore
1506 1046 1772 1115 quaedam

240 1120 459 1186 semina,
496 1137 635 1188 quae
671 1137 794 1173 eum
831 1124 958 1174 sunt
992 1121 1161 1174 oculis
1195 1120 1418 1174 inmissa
1452 1122 1683 1190 leonum,
1877 1134 1950 1176 715

237 1196 472 1264 pupillas
506 1196 867 1250 interfodiunt
899 1213 1189 1265 acremque
1224 1197 1469 1252 dolorem

240 1272 522 1339 praebent,
561 1275 623 1326 ut
657 1277 932 1342 nequeant
968 1278 1161 1328 contra
1194 1274 1394 1328 durare
1428 1275 1667 1341 feroces3

240 1365 364 1402 cum
400 1352 584 1402 tamen
618 1349 753 1403 haec
788 1353 1001 1404 nostras
1034 1350 1178 1403 acies
1211 1351 1289 1404 nil
1324 1351 1544 1406 laedere
1571 1351 1802 1421 possint,

243 1428 337 1478 aut
373 1426 501 1494 quia
534 1442 642 1479 non
677 1429 972 1494 penetrant
1005 1430 1101 1480 aut
1138 1427 1288 1494 quod
1324 1427 1740 1497 penetrantibus
1772 1426 1878 1480 illis

243 1502 424 1555 exitus
462 1519 531 1555 ex
567 1502 734 1555 oculis
769 1501 909 1555 liber
944 1502 1124 1569 datur,
1162 1503 1219 1556 in
1253 1504 1577 1558 remorando
1876 1518 1948 1559 720

245 1577 464 1632 laedere
498 1594 568 1631 ne
603 1579 815 1647 possint
849 1595 919 1631 ex
954 1578 1067 1632 ulla
1099 1579 1306 1633 lumina
1340 1579 1536 1649 parte]

315 1654 365 1706 N
370 1671 475 1708 unc
498 1671 599 1722 age
623 1671 764 1723 quae
787 1658 1040 1708 moveant
1064 1657 1303 1709 animum
1328 1673 1417 1710 res
1439 1658 1638 1726 accipe,
1664 1660 1719 1711 et
1744 1655 1892 1710 unde

244 1747 383 1797 quae
417 1731 642 1784 veniunt
675 1732 895 1786 veniant
927 1731 984 1785 in
1019 1735 1263 1786 mentem
1297 1733 1518 1803 percipe
1553 1734 1758 1803 paucis·

243 1807 507 1878 principio
543 1808 644 1862 hoc
680 1807 815 1876 dico,
850 1824 1035 1862 rerum
1070 1809 1359 1862 simulacra
1394 1810 1575 1877 vagari

243 1884 413 1939 multa
446 1885 624 1938 modis
658 1885 844 1939 multis
876 1885 935 1939 iu
970 1889 1195 1940 cunctas
1229 1885 1470 1953 undique
1505 1886 1679 1955 partis
1876 1897 1949 1938 725

243 1962 439 2029 tenvia,
477 1978 618 2030 quae
653 1962 811 2016 facile
845 1962 990 2016 inter
1024 1978 1084 2016 se
1117 1961 1416 2029 iunguntur
1448 1961 1504 2015 in
1540 1961 1700 2029 auris,

243 2036 400 2091 obvia
433 2054 556 2092 cum
593 2039 832 2105 veniunt,
866 2043 930 2092 ut
962 2055 1161 2092 aranea
1192 2037 1519 2106 bratteaque
1551 2038 1684 2092 auri.

243 2114 445 2184 quippe
480 2115 682 2167 etenim
718 2115 890 2168 multo
924 2115 1099 2182 magis
1134 2113 1268 2168 haec
1303 2117 1432 2167 sunt
1464 2113 1650 2167 tenvia
1685 2110 1844 2168 textu

246 2206 408 2258 quam
441 2206 581 2260 quae
615 2191 926 2261 percipiunt
962 2190 1146 2245 oculos
1182 2190 1464 2257 visumque
1496 2190 1785 2258 lacessunt,

245 2266 484 2335 corporis
506 2267 641 2320 hacc
665 2267 918 2334 quoniam
941 2270 1235 2336 penetrant
1257 2284 1359 2336 per
1380 2283 1506 2320 rara
1528 2266 1780 2334 cientque
1876 2279 1950 2322 73)

246 2347 464 2397 tenvem
498 2342 663 2396 animi
697 2345 949 2395 naturam
981 2343 1131 2396 intus
1167 2359 1492 2412 sensumque
1525 2342 1813 2397 lacessunt,

250 2419 551 2472 Centauros
583 2419 771 2486 itaque
808 2422 866 2471 ct
905 2418 1204 2485 Scyllarum
1244 2418 1493 2472 membra
1529 2417 1776 2472 videmus

249 2496 656 2566 Cerbereasque
692 2512 885 2549 canum
923 2495 1089 2549 facies
1128 2495 1521 2564 simulacraque
1558 2510 1745 2548 eorum

244 2589 473 2642 quorum
508 2578 686 2628 morte
721 2572 872 2626 obita
908 2571 1072 2626 tellus
1108 2571 1463 2642 amplectitur
1498 2587 1650 2636 ossa3

248 2667 406 2704 omne
440 2666 612 2719 genus
648 2649 902 2719 quoniam
940 2650 1143 2718 passim
1182 2648 1464 2701 simulacra
1499 2649 1765 2712 feruntur,
1876 2657 1949 2698 ⁷35

248 2728 450 2796 partim
484 2730 680 2797 sponte
718 2743 816 2780 sua
852 2741 994 2795 quae
1032 2726 1174 2778 fiunt
1209 2741 1335 2778 aere
1371 2725 1426 2777 in
1462 2725 1596 2793 ipso,

249 2804 449 2873 partim
485 2821 625 2871 quae
661 2803 823 2858 variis
860 2801 930 2855 ab
965 2801 1130 2855 rebus
1168 2817 1399 2869 cumque
1435 2800 1702 2854 recedunt

251 2883 309 2933 et
344 2896 483 2949 quae
518 2879 760 2934 confiunt
797 2895 867 2932 ex
901 2878 1095 2932 horum
1130 2878 1279 2931 facta
1313 2876 1516 2944 figuris.

251 2972 376 3008 nam
410 2959 561 3009 certe
595 2972 664 3007 ex
699 2954 822 3007 vivo
859 2954 1118 3008 Centauri
1153 2971 1260 3007 non
1297 2953 1362 3005 fit
1396 2952 1589 3018 imag0,

252 3030 403 3084 nulla
434 3030 540 3083 fuit
576 3029 830 3098 quoniam
866 3030 993 3082 talis
1028 3034 1227 3083 natura
1261 3028 1571 3094 animantis,
1876 3040 1949 3081 740

251 3123 442 3160 verum
476 3104 569 3157 ubi
605 3104 733 3170 equi
766 3107 936 3171 atque
968 3104 1202 3158 hominis
1238 3118 1365 3157 casu
1401 3102 1650 3155 convenit
1684 3102 1878 3170 imag0‚

252 3181 267 3192 ¹
292 3180 523 3235 aercseit
556 3179 710 3232 facile
745 3179 1036 3246 extemplo,
1073 3178 1220 3246 quod
1257 3178 1493 3229 diximus
1527 3180 1670 3243 anto,
