2259 3442
224 111 336 167 152
1042 108 1104 164 V

216 232 326 269 non
362 214 545 268 divom
579 230 767 283 pacem
803 212 946 266 votis
979 211 1099 266 adit
1134 228 1198 266 ae
1231 229 1396 282 prece
1432 215 1650 283 quaesit

218 295 506 347 ventorum
541 290 772 360 pavidus
807 304 970 359 paces
1007 289 1323 357 animasque
1359 291 1640 353 secundae,
1826 306 1926 346 1230

217 369 562 438 nequiquam,
600 366 853 434 quoniam
890 364 1125 418 violento
1161 365 1384 419 turbine
1423 383 1586 435 saepe

217 449 503 513 correptus
537 443 647 496 nilo
682 443 859 496 fertur
893 440 1073 494 minus
1108 440 1182 494 ad
1217 441 1358 495 vada
1391 442 1488 496 leti
1503 446 1521 497 'l

216 536 389 588 usque
425 520 563 573 adeo
599 535 690 572 res
724 518 986 571 humanas
1020 517 1103 570 vis
1120 517 1330 574 ‚abdita
1366 519 1636 587 quaedam

217 596 423 665 opterit
457 598 516 649 et
548 594 803 664 pulchros
836 594 996 647 fascis
1032 609 1329 662 saevasque
1365 611 1584 650 secures

217 672 532 741 proculcare
566 688 629 724 ac
664 669 900 724 ludibrio
937 669 1042 723 sibi
1078 669 1283 724 habere
1318 670 1553 726 videtur.
1820 688 1921 728 1235

216 748 453 816 denique
489 746 591 801 sub
625 746 861 815 pedibus
896 746 1062 800 tellus
1096 762 1221 799 cum
1256 750 1377 801 tota
1411 748 1630 802 vacillat

214 840 609 892 concussaeque
645 823 849 877 eadunt
883 822 1048 877 urbes
1084 822 1392 891 dubiaeque
1426 825 1719 893 minantur,

216 898 351 968 quid
384 899 583 953 mirum
620 900 664 953 si
699 915 759 952 se
793 901 1048 954 temnunt
1082 899 1334 953 morta-lia
1370 901 1551 955 saecla

215 979 381 1045 atque
415 976 709 1044 potestatis
743 991 967 1044 magnas
1002 974 1280 1044 mirasque
1312 977 1590 1045 relinqunt

215 1052 273 1104 in
308 1052 474 1106 rebus
509 1052 638 1106 viris
674 1052 876 1120 divum,
912 1068 1053 1120 quae
1089 1055 1283 1106 cuncta
1317 1052 1662 1121 guberneth
1817 1066 1917 1106 121⁰

284 1128 443 1194 Quod
462 1132 725 1198 superest,
743 1145 836 1182 aes
854 1132 1019 1197 atque
1036 1145 1228 1181 aurum
1242 1129 1559 1197 ferrumque
1576 1132 1916 1199 repertumst.

214 1207 274 1258 et
310 1205 465 1258 simul
501 1206 715 1273 argenti
750 1205 965 1275 pondus
999 1204 1318 1274 plumbique
1353 1210 1613 1274 potestas,

212 1281 353 1347 ignis
388 1281 482 1335 ubi
518 1281 752 1349 ingentis
788 1281 950 1335 silvas
986 1281 1184 1335 ardore
1220 1286 1490 1337 cremarat

214 1356 490 1411 montibus
525 1358 575 1409 in
612 1359 835 1427 maguis,
872 1374 967 1411 seu
1000 1357 1136 1410 caeli
1170 1357 1396 1412 fulmine
1432 1359 1613 1427 misse,

215 1433 328 1487 sive
365 1434 510 1501 quod
549 1435 692 1487 inter
726 1451 785 1488 se
820 1434 1023 1487 bellum
1060 1433 1312 1488 silvestre
1346 1440 1600 1503 gerentes
1815 1448 1913 1487 1215

213 1508 459 1563 hostibus
494 1509 795 1563 intulerant
829 1510 1010 1578 ignem
1045 1510 1355 1564 formidinis
1390 1528 1537 1579 erge,

213 1586 326 1639 sive
363 1585 510 1654 quod
546 1586 755 1639 inducti
792 1590 972 1638 terrae
1008 1585 1258 1640 bonitate
1292 1586 1549 1641 volebant

211 1662 455 1731 pandere
490 1678 650 1730 agros
686 1662 900 1731 pinguis
936 1665 994 1715 et
1028 1679 1230 1729 pascua
1264 1663 1502 1718 reddere
1538 1680 1681 1730 rura,

210 1738 324 1792 sive
358 1739 504 1792 feras
538 1738 846 1792 interficere
882 1741 941 1792 et
975 1738 1244 1793 ditescere
1279 1739 1499 1808 praeda.

210 1831 335 1869 nam
368 1815 526 1869 fovea
560 1818 726 1884 atque
762 1814 875 1883 igni
910 1815 1063 1884 prius
1098 1818 1186 1869 est
1219 1817 1468 1870 venarier
1504 1818 1685 1869 ortum
1813 1830 1909 1869 1250

161 1921 172 1930 -
212 1908 376 1959 quam
413 1891 625 1961 saepire
660 1890 836 1961 plagis
871 1892 1069 1945 saltum
1107 1891 1440 1959 canibusque
1475 1892 1632 1946 ciere.

211 1967 478 2037 quidquid
512 1967 570 2021 id
605 1972 705 2035 est,
743 1983 1082 2037 quacumque
1116 1984 1150 2021 e
1184 1984 1348 2021 eausa
1382 1968 1664 2022 flammeus
1699 1966 1864 2021 ardor

211 2043 454 2097 horribili
490 2044 670 2098 sonitu
706 2043 868 2097 silvas
903 2042 1167 2096 exederat
1201 2043 1330 2097 altis

208 2119 278 2170 ab
314 2119 585 2173 radicibus
622 2123 681 2173 et
715 2123 919 2173 terram
956 2122 1281 2188 percoxerat
1315 2119 1440 2187 igni,

209 2194 466 2249 manabat
504 2196 653 2249 venis
686 2195 1023 2249 ferventibus
1057 2196 1111 2248 in
1149 2195 1269 2249 loca
1301 2198 1487 2249 terrae
1810 2210 1906 2249 1255

206 2288 441 2324 concava
474 2272 796 2324 conveniens
832 2271 1045 2338 argenti
1082 2272 1231 2325 rivus
1267 2274 1326 2325 et
1361 2272 1495 2338 auri,

207 2347 349 2399 aeris
383 2346 516 2400 item
553 2351 611 2399 ct
645 2346 866 2413 plumbi.
902 2364 1041 2414 quae
1076 2364 1200 2401 cum
1235 2350 1489 2401 concreta
1523 2346 1783 2402 videbant

208 2422 478 2490 posterius
515 2421 661 2474 claro
696 2423 753 2475 in
788 2425 941 2476 terra
975 2423 1268 2492 splendere
1303 2425 1498 2491 colore,
1868 2421 1873 2425 ’

207 2498 474 2553 tollebant
509 2497 686 2551 nitido
721 2500 868 2568 capti
904 2499 1116 2570 levique
1151 2499 1353 2570 lepore,

205 2580 264 2629 et
300 2575 463 2629 simili
496 2575 732 2629 formata
766 2575 1026 2630 videbant
1061 2593 1181 2629 esse
1218 2577 1395 2645 figura
1809 2587 1923 2630 1200ss

129 2679 188 2720 τῇ
205 2656 374 2721 atque
408 2652 720 2706 lacunarum
755 2652 974 2706 fuerant
1009 2651 1244 2720 vestigia
1277 2652 1487 2722 cuique.

205 2733 323 2783 tum
359 2728 685 2798 penetrabat
722 2745 815 2783 eos
848 2745 1008 2799 posse
1044 2728 1181 2782 haec
1215 2728 1514 2797 liquefacta.
1547 2728 1726 2783 calore

204 2805 502 2875 quamlibet
537 2806 593 2858 in
628 2805 858 2859 formam
894 2808 953 2859 et
986 2804 1183 2858 faciem
1219 2803 1514 2859 decurrere
1549 2820 1733 2858 rerum

203 2885 262 2935 et
295 2898 545 2950 prorsum
581 2881 828 2950 quamvis
862 2879 930 2935 in'
954 2885 1113 2935 acuta
1150 2897 1212 2934 ac
1246 2881 1433 2935 tenvia
1466 2897 1626 2950 posse

203 2972 517 3010 mucronum
554 2956 678 3010 duci
710 2957 931 3025 fastigia
965 2957 1332 3026 procudendo‚
1805 2972 1901 3012 1265

200 3035 266 3085 ut
301 3030 405 3087 sibi
440 3030 554 3083 tela
588 3031 798 3098 darent,
835 3033 1105 3101 silvasque
1142 3035 1206 3085 ut
1240 3033 1470 3086 caedere
1503 3036 1728 3101 possent

201 3106 594 3174 materiemque
629 3107 816 3161 dolare
850 3111 909 3162 et
943 3108 1082 3161 levia
1116 3108 1314 3161 radere
1349 3109 1504 3176 tigna

198 3186 259 3223 nt
289 3180 573 3250 terebrare
608 3182 774 3236 etiam
811 3198 873 3236 ac
908 3183 1249 3252 pertundere
1283 3199 1492 3252 perque
1525 3184 1719 3238 forare.
