2259 3442
234 89 311 145 36
463 138 478 147 ,
1052 87 1124 143 II

228 192 473 246 incidere
507 207 577 245 ex
615 207 812 259 supero
847 189 1145 244 levioribus
1180 191 1350 257 atque
1383 189 1465 244 ita
1481 188 1691 259 plagas

229 268 454 337 gignere
492 284 631 337 quae
666 267 876 335 possint
910 266 1167 333 genitalis
1204 266 1440 321 reddere
1476 269 1673 333 motuS,

229 345 382 398 avius
418 361 451 397 a
487 360 615 397 vera
648 343 806 410 longe
843 343 1055 396 ratione
1090 342 1314 396 recedit.

229 438 356 475 uam
380 437 481 489 per
504 436 674 489 aquas
694 436 1071 489 quaecumque
1090 420 1296 474 cadunt
1314 422 1484 489 atque
1501 436 1631 475 aera
1646 434 1848 486 rarum,
1866 432 1939 472 23⁰

229 500 364 553 haee
400 515 500 568 pro
535 497 868 567 ponderibus
903 515 1059 552 casus
1095 498 1335 552 celerare
1369 500 1648 552 necessest

228 578 523 644 propterea
559 575 689 643 quia
726 591 921 643 corpus
957 591 1135 644 aquae
1169 578 1475 643 naturaque
1509 573 1688 628 tenvis

229 652 373 705 aeris
408 651 543 704 haut
579 655 807 719 possunt
844 668 1019 720 aeque
1053 668 1173 705 rem
1211 668 1486 721 quamque
1522 647 1740 716 morari,

231 727 329 781 sed
367 727 527 781 citius
564 727 769 781 cedunt
804 728 1144 796 gravioribus
1180 730 1521 797 exsuperata.

231 806 291 857 at
326 807 515 857 eontra
550 804 684 856 nulli
722 803 793 857 de
829 804 979 858 nulla
1015 809 1176 874 parte
1211 821 1392 873 neque
1427 804 1538 857 ullo
1865 815 1939 854 23⁶

230 881 481 949 tempore
517 879 678 933 inane
715 884 901 950 potest
939 897 1169 935 vacuum
1207 880 1507 935 subsistere
1542 878 1640 947 rei,

232 956 379 1024 quin,
415 973 514 1010 sua
548 957 697 1026 quod
731 960 929 1011 natura
963 958 1121 1028 petit,
1159 958 1461 1012 concedere
1494 957 1721 1027 pergat3

230 1033 414 1086 omnia
449 1036 787 1102 quapropter
824 1035 1031 1090 debent
1066 1052 1169 1105 per
1201 1034 1361 1088 inane
1398 1034 1647 1103 quietum

231 1125 406 1177 aeque
441 1110 776 1179 ponderibus
809 1128 919 1165 non
954 1112 1145 1182 aequis
1179 1111 1393 1166 concita
1426 1109 1576 1164 ferri.

232 1185 381 1239 haud
416 1186 583 1256 igitur
617 1192 880 1257 poterunt
914 1189 1209 1244 levioribus
1243 1188 1486 1242 incidere
1523 1199 1778 1253 umquam
1865 1196 1937 1236 24⁰

232 1280 302 1316 ex
338 1280 534 1333 supero
568 1265 821 1334 graviora
854 1283 1034 1334 neque
1068 1267 1210 1321 ictus
1245 1266 1471 1334 gignere
1504 1277 1605 1331 per
1641 1276 1700 1314 se
1747 1292 1752 1297 ·

233 1340 328 1407 qui
364 1341 577 1394 varient
613 1345 795 1395 motus
831 1359 932 1410 per
968 1358 1104 1410 quos
1141 1345 1339 1395 natura
1372 1343 1531 1409 gerat
1566 1354 1669 1391 res».

233 1432 402 1483 quare
437 1417 604 1470 etiam
640 1420 808 1485 atque
845 1417 1012 1488 etiam
1050 1418 1274 1485 paulum
1311 1416 1573 1470 inclinare
1608 1416 1884 1466 necessest

231 1507 461 1560 corpora
476 1512 489 1558 ;
524 1509 626 1546 nee
660 1493 784 1562 plus
821 1508 985 1560 quam
1022 1492 1325 1560 minimum,
1362 1508 1434 1545 ne
1470 1491 1679 1558 fingere
1714 1492 1901 1543 motus

232 1567 480 1635 obliquos
517 1568 802 1623 videamur
839 1571 899 1623 et
933 1568 993 1623 id
1027 1585 1119 1622 res
1156 1585 1285 1623 vera
1317 1567 1540 1621 refutet.
1864 1579 1937 1617 245

230 1660 468 1713 namque
490 1645 593 1699 hoc
616 1645 673 1699 in
697 1648 958 1714 promptu
979 1647 1442 1714 manifestumque
1468 1659 1588 1696 esse
1612 1641 1879 1707 videmuS,
1924 1633 2082 1741 ‘ffmq

232 1721 492 1789 pondera,
519 1727 788 1791 quantum
810 1723 869 1776 in
892 1726 1021 1790 sest,
1046 1740 1155 1777 non
1179 1738 1340 1792 posse
1365 1720 1586 1789 obliqua
1608 1734 1811 1785 meare,

233 1814 303 1850 ex
340 1814 535 1866 supero
572 1816 694 1853 cum
731 1799 1113 1869 praecipitant,
1152 1800 1300 1868 quod
1336 1812 1562 1852 eernere
1596 1794 1784 1865 possis,

233 1874 332 1927 sed
368 1875 443 1927 nil
482 1876 700 1930 omnino
737 1884 888 1931 recta
923 1877 1146 1946 regione
1181 1876 1289 1930 viai

234 1949 511 2005 declinare
547 1952 671 2021 quis
708 1956 795 2008 est
831 1955 923 2023 qui
961 1955 1135 2023 possit
1171 1968 1396 2007 cernere
1432 1949 1504 2004 de
1539 1948 1633 2002 se?
1863 1960 1938 1999 250

304 2027 557 2097 Denique
592 2029 639 2083 si
677 2046 894 2098 semper
928 2034 1111 2083 motus
1150 2028 1455 2083 conectitur
1489 2023 1664 2078 omnis

232 2105 294 2155 et
328 2107 515 2157 vetere
550 2104 797 2158 exoritur
831 2121 1052 2172 &mper
1085 2122 1257 2157 novus
1292 2102 1484 2155 ordine
1518 2102 1671 2153 certo

233 2194 334 2231 nee
370 2179 695 2233 declinando
730 2180 937 2234 faciunt
970 2179 1271 2248 primordia
1306 2181 1487 2230 motus

231 2253 555 2322 principium
595 2255 872 2322 quoddam
910 2255 1059 2324 quod
1095 2255 1195 2309 fati
1228 2252 1452 2307 foedera
1485 2251 1718 2316 rumpat,

234 2345 303 2381 ex
336 2328 552 2383 infinito
590 2346 659 2382 ne
695 2344 913 2382 causam
950 2346 1111 2382 causa
1147 2330 1426 2397 sequatur,
1865 2336 1938 2376 2⁵5

230 2404 405 2458 libera
439 2422 540 2474 per
574 2408 753 2460 terras
788 2406 936 2459 unde
971 2405 1107 2458 haee
1143 2404 1508 2458 animantibus
1544 2402 1742 2467 exstat,

234 2481 380 2535 unde
417 2486 503 2536 est
536 2481 685 2549 haec,
723 2481 960 2550 inquam,
995 2482 1125 2536 fatis
1162 2481 1344 2535 avolsa
1377 2483 1625 2551 potestas

231 2574 333 2626 per
367 2575 530 2627 quam
565 2556 952 2628 progredimur
986 2575 1093 2627 quo
1129 2558 1284 2613 ducit
1318 2575 1589 2628 quemque
1620 2564 1885 2637 voluntas,

234 2633 568 2689 declinamus
601 2636 737 2689 item
772 2637 956 2689 motus
990 2652 1093 2690 nee
1127 2640 1379 2705 tempore
1412 2639 1564 2691 certo
1614 2654 1639 2675 ·
1820 2697 1830 2707 ‚

233 2726 333 2764 nec
369 2712 588 2780 regione
623 2712 727 2767 loci
762 2715 930 2780 certa,
969 2712 1069 2767 sed
1102 2712 1199 2767 ubi
1233 2714 1353 2782 ipsa
1387 2713 1519 2767 tulit
1552 2716 1740 2770 mens?
1867 2728 1940 2768 200

234 2802 361 2840 nam
398 2788 564 2857 dubio
601 2791 788 2859 procul
824 2789 911 2843 his
946 2790 1112 2844 rebus
1150 2807 1249 2844 sua
1283 2790 1481 2858 cuique
1516 2790 1765 2845 voluntas

234 2863 558 2932 principium
595 2866 693 2920 dat
729 2870 788 2920 et
823 2866 949 2921 hine
984 2871 1167 2921 motus
1202 2884 1302 2935 per
1336 2865 1584 2920 membra
1617 2867 1880 2936 rigantur.

235 2955 413 2993 nonne
449 2942 603 2996 vides
641 2942 807 2997 etiam
843 2944 1137 3011 patefactis
1172 2947 1421 3013 tempore
1455 2948 1658 3011 puncto

236 3018 542 3071 carceribus
578 3036 685 3071 non
721 3035 881 3087 posse
917 3023 1103 3074 tamen
1138 3036 1495 3090 prorumpere
1531 3036 1794 3090 equorum

237 3092 344 3145 vim
370 3095 623 3163 cupidam
648 3098 763 3149 tam
789 3094 859 3148 de
884 3096 1066 3150 subito
1089 3113 1252 3165 quam
1276 3113 1430 3150 mens
1455 3101 1582 3152 avet
1604 3099 1758 3168 ipsa?
1868 3114 1940 3153 265

229 3169 412 3223 omnis
447 3173 590 3225 enim
627 3174 806 3226 totum
842 3188 942 3241 per
977 3189 1175 3242 eorpus
1210 3173 1458 3228 materiai
