2259 3442
1093 49 1098 52 ’
1164 81 1261 138 VJ.

1934 73 2069 140 3183

362 202 595 258 quorum
630 187 863 257 quisque
898 202 1055 240 suam
1087 187 1311 256 proprie
1346 204 1465 243 rem
1499 187 1737 267 percipit
1770 189 1828 244 in
1863 204 1940 243 se.
1996 190 2073 242 905

360 283 488 321 nam
522 268 815 334 penetrare
849 263 958 317 alio
993 264 1205 318 sonitus
1239 264 1460 335 alioque
1497 282 1749 335 saporem

363 343 632 400 cernimus
668 358 700 395 e
734 341 910 409 011010,
930 341 1039 402 alio
1071 341 1282 400 nidoris
1305 343 1527 398 odores.

274 441 338 475 m
363 425 655 492 praeterea
687 436 911 474 manare
945 417 1098 473 aliud
1130 436 1234 488 per
1266 436 1400 476 saxa
1433 420 1671 487 videtur,

365 503 535 567 atque
568 497 717 551 aliud
750 496 928 565 lignis,
963 495 1114 549 aliud
1147 497 1386 554 transire
1418 513 1522 567 per
1555 513 1766 566 aurum,

366 581 704 647 argentoque
735 575 883 629 foras
916 572 1070 627 aliud
1103 573 1358 643 vitroque
1392 590 1592 629 meare.

365 670 493 708 nam
528 652 700 720 fluere
733 651 835 705 hac
871 651 1096 720 specieS‚
1131 649 1256 703 illac
1291 650 1441 704 calor
1472 650 1555 704 ire
1588 650 1827 719 videtur,

274 748 341 782 ωε
367 735 535 800 atque
569 729 691 784 aliis
711 728 861 796 *aliut
894 727 1058 782 citius
1092 728 1474 782 transmittere
1507 727 1743 783 eadem.'

367 807 575 862 scilicet
609 806 668 859 id
703 805 826 860 fieri
860 805 1008 873 cogit
1039 808 1239 860 natura
1272 804 1485 859 viarum

366 883 706 951 multimodis
739 883 970 952 varians,
1003 885 1069 936 ut
1102 881 1265 951 paulo
1301 881 1643 936 ostendimus
1676 884 1822 951 ante,

272 976 342 1009 mo
367 964 595 1030 propter
629 960 950 1022 dissimilem
983 962 1241 1013 naturam
1274 961 1540 1025 textaque
1575 974 1776 1012 rerum.

1997 433 2073 474 990

1998 818 2073 860 995

253 1051 342 1084 ms
442 1038 803 1108 Quapropter,
837 1036 977 1091 bene
1010 1035 1108 1090 ubi
1143 1034 1281 1089 haec
1314 1034 1635 1088 confirmata
1668 1038 1838 1104 atque
1872 1035 2051 1089 locata

370 1114 551 1169 omnia
586 1114 934 1175 constiterint
966 1113 1125 1167 nobis
1159 1116 1453 1183 praeposta
1486 1116 1696 1181 parata,

369 1193 518 1261 quod
552 1195 818 1262 superest,
842 1191 1000 1245 facile
1031 1190 1159 1245 hinc
1192 1190 1334 1244 ratio
1357 1189 1629 1244 reddetur
1653 1193 1712 1244 et
1735 1189 1912 1243 omnis

369 1286 533 1325 causa
566 1270 797 1340 patefiet
832 1284 973 1336 quae
1007 1268 1140 1321 ferri
1176 1266 1418 1336 pelliciat
1451 1265 1577 1321 vim.

368 1347 636 1417 principio
671 1346 843 1399 fluere
877 1362 922 1399 e·
942 1343 1127 1413 lapide
1162 1343 1269 1397 hoc
1300 1343 1576 1413 permulta
1608 1346 1889 1398 necessest

370 1424 581 1479 semina
619 1423 732 1477 sive
774 1425 989 1476 aestum
1024 1422 1118 1490 qui
1156 1420 1384 1475 discutit
1417 1425 1547 1475 aera
1578 1420 1770 1489 plagis,

366 1503 514 1557 inter
549 1500 645 1570 qui
678 1499 919 1569 lapidem
954 1500 1271 1568 ferrumque
1306 1501 1392 1552 est
1427 1515 1661 1569 cumque
1695 1498 1917 1553 locatus.

368 1579 472 1633 hoc
505 1578 601 1632 ubi
634 1576 875 1631 inanitur
908 1575 1148 1646 spatium
1183 1575 1498 1645 multusque
1532 1572 1732 1630 vacefit
1772 1577 1775 1582 ’

367 1656 424 1709 111
459 1654 640 1710 medio
675 1655 842 1722 locus,
878 1653 1157 1722 extemplo
1191 1654 1491 1723 primordia
1524 1654 1657 1708 ferri
1748 1665 1751 1670 ·

368 1733 427 1786 in
462 1748 689 1785 vacuum
723 1730 979 1799 prolapsa
1016 1729 1222 1786 cadunt
1257 1731 1556 1797 coniuncta,
1592 1731 1659 1785 fit
1693 1733 1867 1798 utque

369 1809 564 1863 anulus
597 1809 715 1876 ipse
751 1809 1015 1875 sequatur
1047 1808 1251 1874 eatque
1284 1806 1366 1859 ita
1400 1823 1627 1875 corpore
1661 1811 1797 1862 toto,

368 1902 472 1940 1100
506 1901 595 1939 res
630 1884 742 1937 ulla
772 1883 948 1950 magis
983 1880 1314 1951 primoribus
1348 1899 1418 1936 ex
1452 1881 1737 1938 elementis

370 1961 696 2031 indupedita
730 1960 844 2013 suis
878 1962 1001 2013 arte
1034 1974 1242 2012 conexa
1275 1958 1532 2013 cohaeret

372 2056 540 2108 quam
573 2037 741 2093 validi
775 2035 911 2090 ferri
945 2037 1145 2090 natura
1180 2037 1240 2088 et
1272 2034 1519 2104 frigidus.
1540 2034 1749 2091 horror.

372 2134 482 2187 quo
516 2115 697 2169 minus
732 2116 820 2169 est
853 2112 1073 2180 mirum,
1108 2110 1258 2180 quod
1293 2110 1496 2165 dicitur
1529 2125 1598 2158 nx
1628 2126 1917 2184 manns-ns,

372 2209 600 2263 corpora
635 2192 681 2246 si
714 2191 997 2259 nequeunt
1032 2205 1065 2243 0
1098 2188 1248 2242 ferro
1281 2186 1443 2256 plura
1477 2191 1662 2242 coorta

369 2271 428 2325 in
461 2286 693 2325 vacuum
726 2267 880 2335 ferri,'
910 2267 1042 2336 quin
1075 2265 1271 2319 anulus
1305 2263 1424 2333 ipse
1459 2269 1753 2335 sequatur;

372 2348 523 2417 quod
554 2347 702 2413 facit,
738 2348 796 2400 et
831 2344 1097 2413 sequitur,
1132 2342 1307 2396 donec
1338 2342 1593 2411 pervenit
1625 2344 1700 2398 ad
1732 2344 1912 2413 ipsum

369 2425 481 2479 iam
513 2423 754 2492 lapidem
788 2422 1071 2490 meisque
1098 2419 1164 2473 'in
1199 2435 1265 2473 οο
1298 2417 1654 2489 compagibus
1687 2421 1876 2478 haesit.

371 2501 476 2555 hoc
509 2500 576 2554 fit
608 2499 757 2553 idem
793 2501 1020 2553 cunctas
1055 2497 1112 2550 in
1146 2496 1334 2566 partis,
1370 2496 1520 2550 unde
1554 2500 1753 2554 vacefit

373 2593 608 2645 cumque
641 2575 805 2641 locus,
840 2575 953 2628 sive
990 2590 1024 2628 e
1048 2577 1362 2627 trmi‘sverso
1398 2572 1512 2628 sivo
1547 2592 1783 2643 superne

373 2670 603 2724 corpora
636 2652 893 2707 continuo
925 2650 983 2704 in
1018 2666 1252 2704 vacuum
1285 2649 1464 2704 vicina
1497 2652 1763 2707 feruntur.

373 2730 577 2800 quippo
610 2728 895 2797 agitantur
929 2728 1073 2783 enim
1104 2726 1285 2797 plagis
1318 2726 1537 2780 aliunde
1572 2745 1673 2782 nec
1706 2728 1827 2797 ipsa

374 2810 571 2877 sponte
604 2823 705 2860 sua
739 2823 954 2860 sursum
987 2807 1223 2877 possunt
1259 2821 1590 2873 consurgere
1625 2806 1682 2859 in
1719 2822 1892 2860 auras.

373 2885 480 2939 huc
516 2883 732 2939 accedit
766 2883 901 2937 item
937 2889 1128 2953 (quare
1164 2886 1333 2954 queat
1366 2883 1427 2936 id
1460 2879 1635 2951 magis
1672 2900 1808 2950 esse,

371 2962 507 3016 haec
542 2976 762 3030 quoque
796 2978 885 3015 res
921 2962 1237 3017 adiumento
1271 2966 1538 3031 motuque
1573 2957 1811 3029 iuvatur)

374 3038 537 3107 quod,
573 3038 734 3092 simul
768 3055 803 3092 a
837 3037 1019 3093 fronte
1054 3043 1144 3094 est
1176 3040 1340 3094 anelli
1377 3040 1554 3093 rarior
1588 3054 1684 3091 aer

372 3116 550 3172 factus
583 3115 931 3187 inanitusque
965 3117 1113 3169 locus
1148 3115 1339 3185 magis
1356 3132 1419 3171 ac
1453 3118 1729 3182 vacuatus,

181 3213 196 3246 ι
269 3204 361 3239 1⁰³⁸
375 3192 633 3249 continuo
667 3193 734 3248 fit
768 3194 851 3249 uti
888 3194 982 3263 qui
1019 3196 1146 3263 post
1180 3197 1266 3248 cst
1300 3210 1534 3264 cmnque
1569 3192 1782 3246 locatus

1975 1203 2074 1243 1000

1977 1588 2072 1628 1005

1977 1974 2076 2015 1010

1978 2355 2077 2401 1015

1978 2742 2080 2785 102⁰

1984 3125 2082 3168 102⁵
