2259 3442
200 116 273 172 38
1017 111 1087 167 II

196 219 449 272 naturam
483 231 669 269 rerum
704 216 921 267 mutare
957 220 1016 266 et
1050 216 1269 266 vertere
1302 214 1498 267 motus.

274 292 422 346 Illud
457 291 515 345 in
549 291 633 344 his
666 290 834 344 rebus
869 305 979 342 non
1016 292 1103 342 est
1138 288 1401 357 mirabile,
1439 305 1624 358 quare,

198 370 379 423 omnia
414 384 537 421 cum
574 384 757 422 rerum
795 364 1096 434 primordia
1131 364 1242 418 sint
1277 364 1334 417 in
1369 371 1541 433 metu,

200 461 416 500 summa
450 447 637 498 tamen
674 458 884 495 summa
919 441 1175 495 videatur
1210 444 1357 495 stare
1392 442 1591 510 quiete,
1834 456 1906 496 310

197 524 590 592 praeterquam
628 517 810 586 siquid
847 518 1069 586 proprio
1105 518 1205 570 dat
1241 534 1467 587 corpore
1502 520 1699 571 motus.

197 599 369 652 omnis
406 596 550 650 enim
584 594 747 662 longe
782 594 989 648 nostris
1025 593 1096 647 ab
1132 593 1383 647 sensibus
1416 594 1558 646 infra

196 674 496 744 primorum
530 675 730 725 natura
765 670 939 737 iacet3
976 673 1330 740 quapropter,
1366 669 1462 723 ubi
1496 671 1617 739 ipsa
1662 670 1679 684 ⁶

199 765 423 804 eernere
459 748 568 802 iam
604 763 862 817 nequeas
900 750 1082 799 motus
1117 763 1336 815 quoque
1372 762 1600 815 surpere
1635 745 1870 810 debent;

198 825 525 896 praesertim
563 841 702 892 cum,
740 840 879 892 quae
914 822 1182 892 possimus
1219 838 1457 889 cernere,
1494 822 1675 876 celent
1832 836 1905 875 315

198 919 363 972 saepe
398 906 585 955 tamen
622 903 805 953 motus
842 899 1020 969 spatio
1059 898 1287 952 diducta
1321 898 1578 956 locorum.

196 996 323 1033 nam
360 995 523 1048 saepe
556 979 614 1031 in
651 976 773 1031 colli
808 975 1101 1030 tondentes
1137 974 1341 1045 pabula
1376 974 1522 1028 laeta
1600 1012 1601 1015 η

193 1056 467 1124 lanigerae
504 1058 727 1124 reptant
762 1052 1001 1123 pecudes
1038 1069 1147 1122 quo
1182 1068 1454 1122 quamque
1488 1053 1747 1106 vocantes

194 1132 431 1186 invitant
465 1132 667 1185 herbae
703 1132 1045 1199 gemmantes
1083 1146 1208 1183 rore
1245 1129 1470 1196 recenti,

195 1211 255 1263 et
291 1209 473 1262 satiati
510 1208 633 1276 agni
670 1207 870 1262 ludunt
905 1205 1216 1273 blandeque
1252 1207 1568 1270 coruscant,
1555 1224 1567 1237 ·
1830 1218 1904 1257 320

196 1286 375 1338 omnia
410 1300 549 1353 quae
585 1283 741 1337 nobis
775 1283 938 1351 longe
975 1283 1201 1336 confusa
1234 1281 1495 1336 videntur

197 1365 254 1415 et
289 1360 440 1414 velut
474 1360 531 1412 in
566 1358 726 1412 viridi
764 1357 966 1411 candor
1001 1358 1302 1411 consistere
1339 1357 1480 1411 colli.
1570 1364 1643 1435 e}

194 1439 484 1506 praeterea
519 1450 749 1501 magnae
785 1432 1026 1500 legiones
1062 1449 1186 1485 eum
1222 1433 1340 1486 loca
1376 1450 1540 1488 cursu

195 1527 511 1580 camporum
548 1508 826 1578 complent
860 1507 991 1560 belli
1028 1508 1314 1562 simulacra
1349 1510 1568 1576 cientes,

192 1588 373 1656 fulgor
406 1586 481 1639 ibi
518 1585 589 1639 ad
626 1584 837 1638 caelum
873 1600 933 1637 se
969 1583 1113 1638 tollit
1146 1587 1373 1653 totaque
1410 1585 1614 1639 circum
1826 1601 1900 1641 325

194 1680 320 1718 aere
355 1661 651 1715 renidescit
686 1660 849 1714 tellus
885 1662 1186 1729 supterque
1220 1660 1396 1713 virum
1431 1661 1483 1714 vi

195 1740 408 1794 excitur
442 1737 675 1808 pedibus
713 1736 923 1790 sonitus
960 1735 1304 1804 clamoreque
1338 1740 1554 1791 montes

191 1817 289 1871 icti
324 1816 595 1869 reiectant
630 1830 791 1868 voces
828 1813 900 1867 ad
938 1812 1120 1866 sidera
1154 1812 1344 1865 mundi

195 1897 253 1947 et
289 1892 729 1947 circumvolitant
765 1893 979 1959 equsstes
1013 1889 1332 1958 mediosque
1367 1893 1598 1960 repente

100 1978 104 1983 ’
193 1970 510 2023 tramittunt
546 1969 726 2023 valido
762 1968 1073 2037 quatientes
1109 1966 1317 2035 impete
1354 1984 1587 2036 campos.
1822 1966 1895 2006 33⁰

193 2050 252 2099 et
287 2049 472 2100 tamen
509 2048 595 2098 est
632 2045 855 2111 quidam
890 2044 1040 2096 locus
1078 2042 1203 2096 altis
1239 2043 1513 2096 montibus
1547 2043 1702 2097 unde

195 2125 343 2175 stare
378 2120 636 2174 videntur
672 2124 729 2173 et
765 2121 820 2172 in
858 2119 1067 2186 eampis
1103 2119 1400 2171 consistere
1434 2118 1629 2185 fulgor.

265 2197 315 2250 N
319 2214 425 2250 unc
463 2213 564 2263 age
599 2196 709 2249 iam
747 2194 1007 2262 deinceps
1046 2197 1366 2246 cunctarum
1404 2192 1627 2246 exordia
1662 2210 1846 2247 rerum

194 2273 376 2341 qualia
411 2272 523 2324 sint
559 2274 617 2324 et
652 2286 815 2338 quam
850 2269 1012 2335 longe
1049 2268 1309 2321 distantia
1343 2268 1532 2321 formis

192 2349 429 2419 percipe,
465 2346 779 2412 multigenis
816 2360 978 2411 quam
1016 2344 1126 2396 sint
1164 2344 1373 2397 variata
1407 2342 1626 2411 figuris;
1823 2360 1897 2399 335

190 2442 299 2478 non
338 2440 444 2492 quo
481 2421 656 2474 multa
691 2437 884 2490 parum
922 2419 1081 2472 simili
1118 2419 1227 2473 sint
1261 2419 1514 2488 praedita
1549 2420 1739 2490 forma,

194 2501 291 2555 scd
329 2499 458 2569 quia
492 2514 599 2550 non
634 2497 792 2564 volgo
827 2496 984 2566 paria
1019 2495 1270 2549 omnibus
1306 2496 1488 2549 omnia
1522 2500 1788 2552 constent.

192 2594 293 2632 nec
328 2577 556 2641 mirum3
591 2591 718 2627 nam
754 2590 878 2627 cum
915 2573 988 2626 sit
1024 2588 1212 2627 eorum
1248 2573 1404 2643 copia
1437 2576 1595 2627 tanta

191 2657 256 2708 ut
291 2669 468 2721 neque
503 2651 642 2720 finis,
677 2651 761 2704 uti
798 2650 972 2719 docui,
1007 2665 1185 2719 neque
1221 2665 1431 2703 summa
1465 2650 1537 2704 sit
1571 2650 1698 2719 ulla,

194 2729 399 2785 debent
433 2728 688 2781 nimirum
722 2744 829 2781 non
865 2726 1112 2781 omnibus
1149 2727 1330 2779 omnia
1363 2742 1614 2795 prorsum
1820 2740 1896 2779 340

192 2823 313 2860 esse
351 2805 470 2875 pari
506 2804 598 2858 filo
634 2805 903 2872 similique
937 2804 1157 2858 adfecta
1191 2803 1378 2870 figura.

194 2885 443 2952 praestat
477 2897 595 2934 rem
631 2897 805 2948 genus
840 2880 1135 2934 humanum
1172 2883 1466 2949 mutaeque
1500 2881 1753 2933 natantes

196 2959 596 3028 squamigerum
632 2956 873 3026 pecudes
910 2961 968 3011 et
1000 2957 1147 3011 laeta
1182 2960 1430 3010 armenta
1463 2956 1719 3025 feraeque

195 3039 252 3089 et
288 3034 470 3088 variae
506 3033 771 3100 volueres,
806 3033 1069 3087 laetantia
1104 3048 1244 3101 quae
1280 3033 1399 3086 loca
1433 3048 1696 3100 aquarum

125 3126 138 3135 “
194 3109 574 3165 concelebrant
608 3108 812 3162 circum
847 3109 995 3177 ripas
1029 3108 1305 3175 fontisque
1339 3109 1610 3177 lacusque,
1818 3122 1897 3165 346

153 3182 163 3191 ’
195 3190 251 3208 ⁴*
292 3203 430 3242 “uae
465 3185 790 3254 pervolgant
824 3201 1048 3238 nemora
1083 3184 1206 3237 avia
1239 3185 1658 3254 pervolitantes3

2203 949 2235 973 ι’
2242 946 2259 975 1
