2259 3442
243 103 353 160 162
1039 102 1140 160 VI

235 207 436 276 ignem,
473 207 729 263 continuo
752 214 819 262 ut
853 224 1050 276 magno
1086 208 1324 263 clamore
1357 209 1631 277 trucidet3

234 287 302 338 ut
336 283 527 339 calidis
560 284 803 339 candens
836 284 1042 338 ferrum
1079 302 1112 339 e
1147 285 1461 341 fornacibus
1495 287 1626 341 olim

236 360 441 430 stridit,
476 360 572 414 ubi
607 361 664 414 in
699 359 942 429 gelidum
978 378 1215 430 propere
1252 361 1613 416 demersimus
1645 363 1895 417 imbrem.

235 437 440 491 aridior
473 454 639 507 porro
675 437 720 491 si
755 436 928 490 nubes
964 437 1165 505 accipit
1198 437 1395 506 ignem,
1870 453 1947 493 15⁰

232 515 415 568 uritur
448 515 658 583 ingenti
692 514 876 568 sonitu
911 530 1168 567 succensa
1202 519 1463 583 repente3

235 590 559 645 lauricomos
593 595 657 643 ut
692 590 738 643 si
772 606 875 658 per
909 590 1112 644 montis
1147 591 1365 644 flamma
1398 596 1630 661 vagetur

235 666 459 721 turbine
492 670 778 721 ventorum
815 665 1139 720 comburens
1174 666 1379 735 impete
1413 685 1640 737 magn03

234 758 338 796 nec
370 759 461 797 res
494 743 606 796 ulla
640 742 815 809 magis
851 759 1015 811 quam
1053 741 1263 797 Phoebi
1300 742 1566 813 Delphica
1597 745 1785 798 laurus

234 818 468 872 terribili
505 820 683 874 sonitu
718 818 935 873 flamma.
970 819 1276 888 crepitante
1310 823 1598 874 crematur.
1867 833 1939 874 155

239 893 474 963 denique
509 912 673 965 saepe
706 895 815 965 geli
851 895 1056 950 multus
1090 895 1278 963 fragor
1316 899 1482 964 atque
1517 896 1677 949 ruina

236 970 517 1037 grandinis
551 971 609 1026 in
643 971 855 1040 magnis
890 972 1127 1026 sonitum
1165 971 1263 1026 dat
1297 971 1535 1040 nubibus
1554 972 1719 1026 alte..

236 1052 432 1102 ventus
466 1049 610 1104 enim
646 1066 770 1104 cum
805 1048 1083 1116 confercit‚
1119 1048 1461 1116 franguntur,
1496 1048 1553 1101 in
1569 1066 1574 1071 ·
1590 1051 1786 1115 artum,

236 1126 475 1180 concreti
509 1128 724 1179 montes
758 1125 1065 1179 nimborum
1102 1127 1162 1177 et
1195 1123 1462 1192 grandine
1495 1124 1669 1178 mixti.

176 1198 232 1233 ’ὃ
306 1200 495 1269 Fulgit
528 1202 679 1271 item,
712 1201 885 1255 nubes
918 1200 1060 1270 ignis
1095 1217 1220 1254 cum
1238 1200 1464 1258 ,semina
1496 1199 1669 1254 multa
1864 1215 1936 1254 ιω

236 1285 536 1331 excussere·
554 1295 653 1332 suo
689 1294 981 1344 concursu3
1017 1293 1120 1331 ceu
1155 1276 1392 1345 lapidem
1429 1276 1476 1328 si

232 1353 507 1421 percutiat
541 1353 678 1424 lapis
711 1357 808 1408 aut
841 1354 1078 1418 ferrum3
1113 1369 1241 1406 nam
1277 1355 1395 1406 tum
1431 1368 1650 1421 quoque
1682 1352 1860 1407 lumen

233 1429 390 1483 exilit
424 1432 484 1484 et
516 1430 690 1483 claras
725 1429 982 1483 scintillas
1017 1428 1253 1497 dissipat
1287 1427 1443 1496 ignis.

234 1504 334 1559 sed
367 1507 630 1559 tonitrum
665 1506 731 1559 fit
763 1506 848 1560 uti
881 1508 1008 1572 post
1042 1504 1266 1558 auribus
1300 1504 1639 1573 accipiamus,

231 1581 442 1650 fulgere
475 1598 639 1651 quam
678 1584 905 1635 cernant
939 1581 1097 1648 oculi,
1134 1580 1263 1649 quia
1297 1596 1515 1649 semper
1547 1581 1622 1634 ad
1656 1582 1804 1634 auris
1858 1595 1931 1636 165

231 1657 442 1712 tardius
477 1658 775 1712 adveniunt
810 1674 973 1729 quam
1008 1657 1186 1711 visum
1221 1674 1359 1726 quae
1393 1661 1646 1712 moveant
1679 1673 1786 1712 res.

212 1732 291 1810 ‚id
325 1734 454 1789 licet
487 1734 614 1788 hinc
647 1734 812 1788 etiam
847 1750 1184 1803 cognoscere.
1220 1733 1448 1787 caedere
1485 1734 1531 1787 si
1564 1750 1726 1801 quem

231 1809 454 1880 ancipiti
489 1809 677 1865 videas
712 1811 858 1865 ferro
892 1809 1083 1879 procul
1118 1808 1329 1862 arboris
1364 1813 1601 1878 auctum,

230 1888 359 1940 ante
393 1886 459 1941 fit
491 1890 556 1941 ut
589 1904 782 1942 cernas
816 1887 988 1942 ictum
1024 1902 1188 1954 quam
1222 1885 1386 1954 plaga
1420 1902 1523 1955 per
1556 1886 1702 1940 auris

232 1962 329 2017 det
364 1964 613 2018 sonitum.
652 1964 729 2018 sic
762 1963 1030 2033 fulgorem
1064 1979 1283 2031 quoque
1316 1963 1586 2016 cernimus
1619 1965 1748 2032 ante
1861 1975 1933 2018 170

231 2056 393 2106 quam
427 2040 694 2094 tonitrum
731 2040 1042 2108 accipimus,
1078 2038 1291 2109 pariter
1324 2038 1418 2105 qui
1452 2037 1694 2093 mittitur
1727 2039 1841 2107 igni

232 2130 264 2168 e
300 2115 458 2169 simili
494 2133 671 2184 causa,
708 2133 972 2170 concursu
1005 2118 1169 2168 natus
1204 2114 1414 2168 eodem.

303 2191 424 2246 Hoc
460 2193 627 2246 etiam
663 2196 825 2262 pacto
864 2191 1069 2246 volucri
1105 2190 1226 2245 loca
1257 2190 1460 2244 lumine
1473 2189 1716 2259 '‘tingunt

229 2266 403 2320 nubes
438 2271 497 2321 et
529 2268 764 2322 tremulo
799 2271 1099 2338 tempestas
1132 2268 1339 2336 impete
1376 2267 1551 2335 fulgit.

230 2346 427 2397 ventus
460 2343 554 2396 ubi
587 2344 786 2397 invasit
818 2343 1019 2397 nubem
1055 2347 1114 2398 et
1148 2347 1397 2398 versatus
1430 2344 1633 2398 ibidem
1860 2357 1929 2398 17⁵

228 2419 361 2474 fecit
393 2422 458 2473 ut
493 2422 620 2473 ante
657 2436 842 2474 cavam
881 2419 1040 2473 docui
1076 2419 1403 2489 spissescere
1436 2420 1655 2487 nubem,

229 2495 537 2550 mobilitate
573 2512 670 2550 sua
703 2496 989 2563 fervescit3
1024 2498 1090 2549 ut
1126 2496 1308 2550 omnia
1339 2500 1494 2550 motu

228 2572 589 2641 percalefacta
623 2571 777 2625 vides
812 2570 1114 2640 ardescere,
1150 2572 1406 2641 plumbea
1440 2589 1569 2627 vero

225 2649 381 2717 glans
416 2649 582 2703 etiam
616 2649 778 2717 longo
813 2664 975 2702 cursu
1011 2648 1283 2702 volvenda
1318 2648 1585 2717 liquescit.

227 2741 358 2792 ergo
391 2725 631 2779 fervidus
663 2724 752 2778 hic
784 2723 986 2778 nubem
1022 2741 1148 2778 cum
1182 2724 1445 2794 perscidit
1479 2727 1671 2790 atram,
1859 2738 1931 2779 180

227 2799 459 2868 dissipat
492 2800 703 2852 ardoris
737 2799 893 2868 quasi
928 2817 1031 2869 per
1063 2800 1175 2853 vim
1210 2816 1470 2869 expressa
1503 2802 1733 2869 repente
1746 2846 1757 2850 -

226 2873 434 2927 semina
467 2891 607 2941 quae
639 2875 849 2928 faciunt
881 2876 1148 2929 nictantia
1180 2875 1397 2943 fulgura
1432 2876 1711 2939 flammae;

225 2947 357 3000 inde
391 2962 556 3000 sonus
589 2950 838 3017 sequitur
872 2950 966 3018 qui
1003 2950 1216 3003 tardius
1251 2951 1440 3005 adficit
1473 2951 1620 3004 auris
1750 3007 1753 3010 ,

225 3038 389 3090 quam
424 3037 565 3088 quae
600 3026 924 3090 perveniunt
959 3026 1237 3078 oculorum
1272 3026 1346 3078 ad
1378 3027 1581 3080 lumina
1614 3030 1817 3081 nostra.

225 3096 433 3149 scilicet
465 3095 567 3149 hoc
603 3096 786 3149 densis
820 3098 886 3151 fit
918 3099 1156 3153 nubibus
1189 3103 1248 3153 et
1283 3101 1439 3154 simul
1473 3101 1588 3156 alte
1855 3117 1930 3167 185

219 3169 494 3223 extructis
527 3169 649 3223 aliis
680 3169 815 3223 alias
849 3188 1015 3240 super
1049 3175 1257 3243 impete
1289 3177 1456 3241 mir03
