2259 3442
1135 85 1206 142 II
1916 102 1922 108 '
1947 88 2022 145 35

0 207 42 232 -
310 203 384 244 ne
417 186 520 244 tibi
555 188 691 242 dent
725 186 784 241 in
819 203 885 242 eo
919 183 1260 240 flammarum
1295 202 1521 256 corpora
1555 188 1820 243 fraudem.

1 289 2 316 }
202 327 211 337 ⁶
311 281 503 318 sursus
540 263 688 318 enim
722 279 913 317 versus
947 263 1248 332 gignuntur
1281 265 1340 316 et
1375 262 1628 331 augmina
1663 267 1887 318 sumunt

1 343 4 406 ’ῃ
312 343 370 395 et
406 357 622 394 sursum
657 339 867 394 nitidae
903 340 1091 407 fruges
1126 338 1457 408 arbustaque
1494 344 1763 408 crescunt,

310 417 572 487 pondera,
589 419 854 485 quantum
869 416 925 470 in
942 433 1001 469 se
1016 419 1116 482 est,
1134 432 1258 469 cum
1274 415 1525 469 deorsum
1548 420 1744 470 cuncta
1761 417 2023 472 ferantur·

106 497 132 520 ²
311 510 413 548 nec
448 510 572 548 cum
608 492 897 546 subsiliunt
930 493 1083 560 ignes
1119 492 1193 544 ad
1229 495 1379 546 tecta
1411 492 1695 546 domorum
1954 509 2024 548 191

314 573 374 624 et
408 569 570 624 celeri
605 568 825 622 flamma
860 569 1158 636 degustant
1193 568 1345 636 tigna
1381 567 1689 637 trabesque,

313 649 510 715 sponte
546 663 644 700 sua
677 645 860 699 facere
895 645 954 698 id
989 645 1104 698 sine
1141 644 1193 699 vi
1231 644 1519 713 subigente
1554 645 1862 715 putandum
1898 648 2003 700 est.

311 722 459 792 quod
492 738 664 791 genus
699 739 732 776 e
765 724 952 775 nostro
989 738 1113 774 cum
1148 720 1345 775 missus
1381 737 1607 790 corpore
1642 721 1863 790 sanguis
1892 713 1902 724 ’

313 799 512 853 emieat
547 798 797 853 exultans
833 798 946 851 alte
982 797 1301 868 spargitque
1337 814 1599 852 cruorem.
1954 812 2027 851 195

252 928 259 935 ,
312 893 489 929 nonne
524 875 676 930 vides
713 875 878 930 etiam
914 879 1119 944 quanta
1153 875 1207 928 vi
1244 875 1397 943 tigna
1430 874 1726 944 trabesque

310 955 535 1021 respuat
568 968 726 1005 umor
761 954 966 1019 aquae?
1003 967 1128 1004 nam
1165 967 1274 1019 quo
1308 951 1481 1018 magis
1513 950 1753 1005 ursimus
1786 950 1899 1005 alte

315 1027 529 1082 deiecta
563 1031 620 1081 et
655 1045 852 1096 magna
888 1028 942 1082 vi
977 1027 1135 1080 multi
1171 1027 1470 1096 pressimus
1506 1042 1685 1094 aegre,

312 1107 428 1157 tam
464 1103 660 1173 cupide
694 1120 910 1157 sursum
945 1102 1176 1156 revomit
1211 1103 1384 1170 magis
1418 1105 1585 1170 atque
1621 1103 1871 1170 remittit,

312 1181 436 1250 plus
471 1184 535 1234 ut
568 1184 727 1250 parte
762 1181 910 1234 foras
945 1183 1229 1247 emergant
1264 1179 1611 1248 exiliantque.
1952 1194 2025 1232 200

314 1273 415 1310 nec
440 1260 624 1310 tamen
646 1256 796 1325 haec,
820 1259 1084 1326 quantum
1110 1258 1197 1309 est
1219 1255 1275 1308 in
1300 1272 1373 1322 se,
1402 1255 1732 1323 dubitamuS,
1758 1255 1962 1325 opinor,

312 1333 442 1402 quin
476 1349 704 1386 vacuum
737 1338 842 1402 'per
877 1332 1035 1385 inane
1073 1331 1327 1386 deorsum
1363 1334 1560 1385 cuneta
1593 1332 1853 1384 ferantur.

315 1409 390 1462 sie
424 1409 593 1477 igitur
630 1408 835 1463 debent
870 1408 1122 1462 flammae
1160 1424 1379 1477 quoque
1414 1423 1573 1477 posse
1609 1424 1709 1475 per
1743 1423 1904 1460 auras

316 1486 456 1539 aeris
494 1502 784 1556 expressae
821 1502 1036 1538 sursum
1072 1485 1379 1552 succedere,
1418 1500 1746 1553 quamquam

314 1563 570 1631 pondera,
587 1565 852 1631 quantum
869 1562 927 1614 in
941 1565 1067 1629 sest,
1084 1561 1342 1615 deorsum
1364 1562 1630 1615 deducere
1644 1562 1902 1629 pugnent.
1951 1575 2024 1613 205

318 1642 718 1707 nocturnasque
753 1639 897 1693 faces
933 1638 1067 1692 caeli
1106 1638 1339 1692 sublime
1377 1638 1609 1691 volantis

317 1730 494 1768 nonne
531 1713 686 1767 vides
721 1715 910 1783 longos
945 1713 1290 1768 flammarum
1328 1714 1528 1767 ducere
1565 1716 1774 1767 tractus

312 1790 372 1843 in
409 1807 779 1860 quascumque
815 1790 972 1844 dedit
1006 1791 1182 1858 partis
1218 1794 1415 1842 natura
1449 1791 1725 1844 meatum?

316 1883 424 1919 nou
461 1866 658 1919 eadere
693 1867 749 1918 in
784 1869 989 1919 terram
1027 1865 1217 1921 stellas
1255 1869 1312 1919 et
1350 1865 1528 1918 sidera
1564 1865 1773 1919 cernis?

316 1942 394 1997 sol
434 1942 609 1994 etiam
633 1940 771 1994 caeli
807 1941 877 1994 de
912 1940 1118 1994 vertice
1157 1941 1388 2008 dissipat
1424 1941 1595 1993 omnis
1950 1958 2024 1996 210

317 2018 568 2070 ardorem
603 2017 660 2070 in
695 2016 868 2085 partis
905 2019 963 2070 et
997 2015 1203 2069 lumine
1240 2017 1476 2070 conserit
1510 2034 1667 2082 arva;

314 2095 374 2147 in
408 2098 586 2146 terras
621 2093 792 2161 igitur
828 2108 1045 2161 quoque
1081 2093 1209 2146 solis
1246 2091 1492 2160 vergitur
1528 2092 1710 2146 ardor.

316 2174 766 2238 transversosque
802 2170 987 2223 volare
1025 2186 1129 2238 per
1164 2169 1355 2223 imbris
1392 2169 1617 2223 fulmina
1651 2171 1857 2237 cernis3

315 2263 458 2300 nunc
492 2246 617 2300 hine
650 2263 792 2300 nunc
826 2247 973 2300 illinc
1008 2246 1231 2315 abrupti
1265 2246 1498 2298 nubibus
1534 2247 1685 2314 ignes

317 2327 666 2389 concursant3
701 2323 852 2377 cadit
886 2323 943 2378 in
979 2327 1157 2377 terras
1193 2322 1275 2377 vis
1312 2323 1562 2378 flammea
1596 2324 1765 2392 volgo.
1949 2340 2022 2381 215

0 2442 48 2490 h
212 2399 331 2502 s
390 2400 536 2454 Illud
571 2400 627 2452 in
660 2399 745 2453 his
781 2417 997 2469 quoque
1034 2403 1091 2453 te
1127 2400 1291 2454 rebus
1329 2417 1653 2468 cognoscere
1691 2417 1925 2470 avemus,

319 2492 546 2543 corpora
582 2492 704 2528 cum
742 2474 996 2529 deorsum
1035 2480 1249 2530 rectum
1285 2493 1384 2546 per
1420 2478 1578 2530 inane
1612 2477 1877 2545 feruntur,

318 2551 650 2621 ponderibus
686 2552 918 2620 propriis
954 2552 972 2604 i
1011 2557 1164 2606 certo
1201 2557 1450 2622 tempore
1484 2554 1657 2607 ferme

315 2628 653 2695 incertisque
682 2627 809 2683 locis
823 2629 966 2696 spati
1050 2628 1322 2703 deffellere
1358 2630 1593 2697 paulum,
1809 2634 1865 2723 f>

316 2708 533 2760 tantum
570 2704 716 2773 quod
750 2721 965 2757 momen
1000 2708 1275 2759 mutatum
1312 2705 1500 2761 dicere
1527 2705 1713 2774 possis.
1948 2724 2020 2763 220

319 2781 467 2849 quod
504 2781 607 2833 nisi
645 2780 918 2833 declinare
955 2782 1209 2848 solerent,
1249 2782 1429 2835 onmia
1466 2782 1732 2848 deorsum,

316 2857 511 2913 imbris
545 2857 627 2910 uti
665 2861 869 2925 guttae,
909 2857 1170 2911 caderent
1206 2874 1308 2927 per
1343 2858 1503 2911 inane
1537 2858 1880 2926 profundum,

318 2950 416 2987 uec
450 2934 594 2987 foret
630 2933 865 2986 offensus
900 2937 1064 2987 natus
1098 2950 1200 2987 nec
1235 2934 1398 3002 plaga
1434 2938 1617 2988 creata

174 3009 620 3111 Nprincipiis:
654 3011 734 3064 ita
768 3009 843 3063 nil
880 3026 1139 3079 umquam
1175 3014 1371 3064 natura
1406 3015 1658 3066 creasset.

391 3085 549 3150 Quod
586 3088 632 3140 si
668 3088 811 3141 forte
845 3088 1042 3156 aliquis
1077 3086 1258 3141 credit
1291 3088 1543 3156 graviora
1576 3092 1795 3157 potesse
1946 3102 2015 3140 22³

320 3177 558 3230 corpora,
597 3179 704 3231 quo
739 3163 900 3218 citius
938 3168 1147 3218 rectum
1184 3180 1285 3233 per
1319 3164 1480 3217 inane
1513 3165 1779 3228 feruntur,
