2259 3442
1079 92 1155 130 ¹11

250 225 521 276 deducere
555 228 761 291 scripsi.
835 226 1215 276 Laclnnannus
1248 238 1444 291 parum
1472 239 1760 281 numerose
1783 244 1965 295 quan-

252 308 378 357 tum
401 312 478 358 est
501 305 567 359 in
591 322 645 359 se
670 306 934 360 deorsum
957 307 1175 361 ducere.

354 395 457 443 210
528 388 906 443 Lachmannus
938 407 1161 455 summo
1193 392 1413 448 addidit
1436 415 1449 460 ;
1497 394 1697 449 melius
1731 396 1966 467 Bernay-

249 475 363 528 sius
399 474 552 529 caeli.
588 475 653 528 cf.
693 475 803 529 Cic.
836 476 994 531 Arat.
1018 482 1118 535 297
1149 477 1236 532 ed.
1279 479 1439 534 Buhl.
1468 497 1691 536 summo
1729 483 1871 538 caeli
1898 486 1966 539 dc

250 561 466 615 vertice.

353 652 455 701 249
510 664 635 701 cum
658 647 938 703 veteribus
970 656 1120 704 recta
1144 650 1349 705 addidi.
1383 652 1760 709 Lachmannus
1787 657 1963 712 nuda.

248 733 497 786 ceterum
530 740 682 787 recta
706 734 936 802 reqio‘ne
963 734 1053 790 hie
1088 736 1289 792 Latine
1313 738 1421 792 dici
1457 756 1564 793 non
1603 758 1765 815 posse
1799 759 1965 811 aegro

248 815 381 870 mihi
420 819 720 885 persuadet
757 819 842 872 vir
879 821 1155 889 egregius,
1191 822 1257 875 cf.
1294 822 1412 877 Liv.
1437 838 1538 877 xx1
1563 830 1625 880 31
1655 843 1774 879 non
1810 834 1963 881 recta

248 905 476 972 reqionc
498 905 612 959 iter
637 905 909 975 instituit,
932 909 1030 962 sed
1048 909 1130 962 ad
1148 896 1366 963 laet-am
1383 946 1399 962 .
1418 951 1429 964 .
1446 952 1458 964 .
1468 898 1655 977 flexit.

352 996 455 1045 250
524 1008 626 1063 pro
678 1003 811 1043 SESE
855 994 1048 1065 scripsi
1101 994 1171 1048 de
1225 1011 1292 1049 se.
1340 994 1721 1052 Lachmannus
1768 1002 1961 1054 contra

239 1081 491 1143 praestet
514 1094 616 1147 pro
641 1090 848 1134 Possrr.

351 1169 453 1218 252
523 1169 652 1235 post
698 1168 965 1222 exoritur
1004 1183 1127 1221 cum
1171 1166 1454 1221 veteribus
1492 1185 1714 1237 semper
1754 1169 1958 1224 addidi.

247 1250 625 1306 Lachmannus
648 1270 756 1308 non
778 1254 921 1308 bone
944 1259 1130 1306 exacto
1156 1252 1436 1307 exoritur.

349 1340 450 1396 267
523 1344 801 1394 corrector
834 1340 1054 1407 oblongi
1078 1342 1137 1393 et
1174 1338 1293 1393 Nic.
1330 1338 1403 1393 de
1439 1340 1490 1393 N
1494 1340 1644 1395 icolis
1672 1342 1956 1409 conquiri.

245 1422 602 1478 membranae
628 1429 687 1479 et
714 1425 1095 1483 Lachmannus
1120 1434 1381 1480 CONCIRI.

356 1515 454 1564 291
528 1513 655 1579 post
680 1511 848 1579 quasi
871 1511 1064 1565 addidi
1086 1512 1189 1566 hoc
1200 1531 1227 1578 ;
1267 1512 1647 1567 Lachmannus
1671 1512 1750 1567 id.

349 1600 451 1649 305
524 1603 689 1651 extra
719 1596 928 1651 excidit
960 1601 1088 1666 post
1124 1603 1217 1652 est.
1289 1598 1669 1653 Lachmannus
1705 1615 1954 1653 seorsum

243 1680 298 1733 in
331 1681 438 1735 fine
483 1698 675 1736 versus
711 1682 912 1752 posuit.
954 1682 1021 1737 cf.
1057 1702 1092 1737 v
1126 1689 1224 1739 361
1262 1687 1323 1739 et
1356 1699 1380 1738 1
1417 1689 1534 1751 963,
1576 1686 1634 1739 et
1668 1700 1790 1738 ann.
1824 1683 1952 1753 phil.

245 1766 402 1821 Cant.
426 1783 448 1822 1
475 1784 529 1836 p.
557 1770 677 1826 375.

345 1855 448 1908 342
517 1872 620 1925 pro
643 1867 948 1932 ΡΒΑΕΤΕΒΕ
971 1857 1166 1927 scripsi
1196 1862 1454 1926 praestat
1478 1871 1616 1923 rem,
1640 1855 1743 1910 hoc
1766 1859 1869 1922 est,
1893 1856 1953 1910 id

242 1940 392 2008 quod
424 1939 547 1995 dico
578 1958 770 1996 verum
806 1959 926 1997 esse
961 1944 1263 1997 confirmat.
1334 1942 1712 1996 Lachmannus
1744 1948 1952 2010 partu-

241 2027 431 2095 riunt,
460 2027 610 2097 quod
632 2028 954 2096 intellegere
978 2044 1207 2096 nequeo,

344 2119 445 2169 359
516 2130 618 2192 pro
667 2124 991 2165 ADSITTENS
1037 2113 1171 2166 dedi
1216 2113 1501 2167 absistens.
1572 2112 1952 2167 Lachmannus

239 2201 549 2256 adsiduae.
1996 2200 2000 2204 ’

342 2292 444 2342 363
515 2304 616 2357 pro
653 2297 916 2338 SUBITAM
954 2286 1147 2356 scripsi
1194 2293 1499 2356 sumptam.
1570 2285 1952 2340 Lachmannus

237 2371 464 2425 solitam
477 2391 503 2436 ;
538 2371 638 2426 sed
660 2387 854 2425 vaccae
879 2388 1011 2426 cura
1033 2373 1222 2441 potius
1246 2373 1477 2427 insolita
1501 2374 1601 2426 est.

342 2460 459 2515 387.
533 2460 593 2511 et
624 2456 711 2510 hic
744 2459 802 2509 et
830 2471 890 2508 VI
915 2462 1014 2511 909
1047 2474 1149 2526 pro
1184 2469 1372 2509 ORTUS
1397 2456 1778 2512 Lachmannus
1804 2463 1950 2511 ortu.

340 2546 443 2596 428
512 2540 640 2595 huie
686 2540 870 2595 versui
918 2541 1146 2610 quique,
1195 2542 1299 2595 hoc
1346 2545 1434 2595 est
1482 2542 1699 2612 angelli,
1740 2540 1948 2595 addidi.

238 2626 616 2681 Lachmannus
642 2641 902 2694 quaeque.
977 2629 1271 2695 praeterea
1293 2627 1350 2680 in
1374 2627 1639 2696 proximo,
1664 2626 1947 2694 flagitante

237 2714 498 2768 orationis
526 2716 817 2780 structura,
846 2712 1073 2782 possint
1109 2713 1303 2783 scripsi
1342 2729 1466 2767 cum
1506 2712 1754 2781 oblongo,
1788 2712 1948 2766 Italis

236 2804 296 2854 ct
333 2801 521 2856 codice
579 2801 920 2871 sangallensi
962 2802 1293 2857 scholiorum
1338 2801 1396 2854 in
1434 2800 1770 2869 Iuvenalem,
1806 2804 1873 2855 ut
1914 2816 1948 2854 a

242 2885 567 2940 Lachmanni
592 2903 782 2942 comm.
806 2905 861 2957 p.
887 2893 990 2943 298
1016 2888 1204 2942 didici.
1266 2887 1325 2941 -is
1341 2893 1598 2956 possunt.

337 2978 440 3028 438
513 2973 895 3028 Lachmannus
933 2974 1068 3029 mihi
1106 2974 1222 3028 falli
1261 2973 1483 3028 videtur
1517 2974 1810 3044 quicuque
1841 2986 1946 3042 pro

235 3071 357 3112 AUT
390 3059 527 3129 legit
554 3063 615 3115 et
643 3060 771 3114 hinc
804 3077 1001 3115 novam
1037 3060 1233 3129 incipit
1265 3060 1611 3123 sententiam.
1681 3066 1783 3115 439
1820 3077 1943 3114 cum

234 3145 308 3233 cd
331 3146 478 3203 Iunt.
515 3164 620 3217 que
645 3150 736 3218 (q.)
759 3152 887 3218 post
910 3147 1271 3214 confundunt
1294 3145 1499 3200 addidi.
