2259 3442
207 88 291 145 54
1020 83 1091 141 11

209 190 452 259 corporis
486 192 655 257 atque
687 188 854 242 animi
887 189 1071 258 pergit
1104 186 1437 242 confundere
1472 203 1676 244 sensus.

211 266 587 321 dissoluuntur
619 267 764 318 enim
797 265 1075 333 positurae
1109 263 1499 331 principiorum

209 346 269 397 et
302 341 523 412 penitus
559 344 740 393 motus
773 339 967 392 vitales
1002 339 1372 406 inpediuntur,

211 419 384 473 donee
419 416 690 482 materies,
726 414 901 468 omnis
933 431 1196 469 concussa
1229 431 1329 484 per
1363 420 1534 485 artus,

207 495 388 550 vitalis
423 493 635 547 animae
669 491 841 545 nodos
875 507 909 544 a
942 506 1169 560 corpore
1204 491 1366 546 solvit
1841 507 1916 551 oso

208 571 618 640 dispersamque
655 568 801 620 foras
834 583 935 636 per
967 567 1152 621 caulas
1186 568 1347 622 eiecit
1380 568 1569 622 omnis.

208 663 335 701 nam
369 645 502 717 quid
538 648 826 714 practerea
860 645 1038 698 facere
1073 643 1246 698 ictum
1279 660 1440 713 posse
1474 661 1694 699 reamur

207 723 467 792 oblatum,
503 721 606 775 nisi
644 720 918 775 discutere
953 737 1016 774 ac
1051 719 1350 775 dissolvere
1384 723 1670 791 quaeque?

206 799 273 853 fit
307 815 523 868 quoquc
560 796 640 851 uti
678 797 888 851 soleant
922 797 1102 850 minus
1137 796 1322 851 oblato
1357 796 1558 851 acriter
1592 797 1705 852 ictu

201 874 405 943 reliqui
441 878 623 928 motus
658 873 838 928 vitalis
874 873 1090 927 vincere
1125 888 1302 942 saepe,
1840 888 1915 928 955

205 949 437 1019 vincere,
472 953 531 1004 et
566 949 803 1018 ingentis
838 949 1032 1018 plagae
1065 948 1263 1002 sedare
1297 948 1568 1003 tumultus

204 1026 370 1094 inque
406 1043 533 1081 suos
567 1025 828 1095 quicquid
862 1041 1051 1079 rursus
1084 1040 1342 1079 revocare
1375 1029 1591 1078 meatus
1666 1024 1671 1034 '

208 1106 268 1157 et
302 1103 455 1173 quasi
490 1103 599 1157 iam
635 1102 733 1157 leti
769 1102 1141 1155 dominantem
1177 1101 1233 1155 in
1269 1117 1497 1169 corpore
1530 1104 1739 1155 motum

208 1177 485 1234 discutere
521 1195 584 1233 ac
620 1197 793 1248 paene
829 1179 1054 1233 amissos
1089 1176 1388 1232 accendere
1423 1193 1626 1232 sensuS.

207 1272 336 1309 nam
370 1273 540 1324 quare
576 1256 759 1324 potius
793 1256 891 1309 leti
928 1255 1035 1308 iam
1070 1254 1257 1308 limine
1292 1253 1363 1307 ab
1399 1253 1516 1321 ipso
1838 1266 1913 1308 eoo

209 1331 282 1384 ad
317 1332 485 1385 vitam
521 1331 694 1399 possit
728 1331 975 1386 conlecta
1007 1333 1195 1384 mente
1231 1331 1450 1393 reverti,

209 1423 374 1474 quam
409 1423 519 1475 quo
556 1406 847 1460 decursum
881 1422 1053 1475 prope
1088 1407 1198 1459 iam
1235 1407 1342 1460 siet
1377 1407 1457 1459 ire
1491 1408 1552 1459 ct
1584 1404 1770 1462 abire?

208 1486 497 1550 praetcrea
530 1482 785 1551 quoniam
821 1481 980 1535 dolor
1013 1484 1101 1535 est
1136 1481 1231 1534 ubi
1266 1481 1514 1535 materiai
1704 1536 1709 1539 .

210 1575 437 1627 corpora
471 1558 522 1612 vi
559 1557 796 1627 quadam
832 1574 933 1626 per
966 1557 1175 1611 viscera
1209 1556 1330 1610 viva
1364 1573 1465 1625 per
1499 1562 1653 1611 artus

211 1634 502 1689 sollicitata
537 1635 649 1688 suis
686 1633 967 1704 trepidant
1001 1632 1057 1686 in
1094 1632 1318 1687 sedibus
1351 1633 1515 1700 intuS‚
1636 1678 1639 1681 .
1838 1649 1913 1689 966
1986 1618 1991 1623 “

206 1711 372 1780 inque
408 1710 585 1766 locum
621 1710 839 1780 quando
875 1710 1192 1778 remigrant,
1228 1710 1294 1765 fit
1328 1710 1530 1764 blanda
1563 1710 1828 1779 voluptas,

208 1788 345 1842 scire
382 1787 510 1841 licet
544 1787 693 1841 nullo
728 1786 1030 1856 primordia
1063 1803 1223 1856 posse
1259 1786 1447 1841 dolore

207 1864 466 1934 temptari
503 1864 817 1934 nullamque
853 1864 1192 1933 voluptatem
1226 1880 1425 1933 capere
1460 1880 1529 1917 cx
1565 1879 1655 1928 se;

207 1940 648 2012 quandoquidem
686 1958 793 1994 non
829 1945 969 2002 sunt,
1004 1957 1073 1994 cx
1109 1940 1234 1994 ullis
1268 1939 1656 2009 principiorum

201 2017 539 2086 corporibus,
576 2034 809 2087 quorum
842 2022 1026 2071 motus
1060 2017 1305 2071 novitate
1340 2017 1591 2070 laborent
1838 2030 1914 2072 970

206 2097 304 2147 aut
340 2094 577 2163 aliquem
611 2094 850 2148 fructum
886 2094 1105 2162 capiant
1141 2093 1445 2146 dulcedinis
1479 2092 1669 2145 almae.

205 2169 344 2223 haut
376 2170 548 2238 igitur
583 2168 789 2223 debent
824 2185 947 2222 esse
982 2169 1092 2221 ullo
1127 2168 1381 2236 praedita
1415 2183 1592 2220 sensu.

276 2246 529 2312 Denique
564 2245 647 2298 uti
680 2246 892 2311 possint
929 2243 1134 2296 sentire
1170 2241 1422 2295 animalia
1456 2257 1722 2309 quaeque,

203 2320 485 2389 principiis
521 2320 567 2373 si
602 2319 712 2371 iam
747 2322 835 2373 est
870 2334 1061 2371 sensus
1096 2317 1423 2371 tribuendus
1457 2333 1658 2378 eorum,

200 2395 347 2464 quid,
370 2411 543 2463 genus
565 2392 861 2446 humanum
882 2393 1174 2462 propritim
1199 2393 1270 2447 de
1292 2391 1478 2460 quibu'
1504 2393 1810 2451 factumst?
1838 2408 1913 2450 97⁵

204 2472 411 2526 scilicet
447 2474 507 2525 et
539 2470 656 2524 risu
690 2470 928 2524 tremulo
962 2486 1222 2524 concussa
1252 2470 1579 2525 cachinnant

203 2551 264 2602 et
296 2546 534 2602 lacrimis
571 2550 837 2617 spargunt
870 2547 1186 2601 rorantibus
1222 2564 1319 2601 ora
1351 2564 1628 2617 genasque

204 2624 487 2693 multaque
523 2624 596 2679 de
628 2640 815 2678 rerum
848 2623 1094 2678 mixtura
1128 2624 1312 2678 dicere
1347 2623 1549 2679 callent

204 2704 263 2755 et
298 2700 402 2754 sibi
436 2717 702 2771 proporro
737 2718 879 2771 quae
914 2702 1025 2757 sint
1058 2700 1360 2771 primordia
1393 2705 1696 2768 quaerum

202 2777 647 2847 quandoquidem
683 2779 817 2832 totis
852 2777 1177 2834 mortalibus
1213 2778 1540 2832 adsimulata
1839 2790 1916 2831 980

203 2852 323 2920 ipsa
357 2871 572 2922 quoque
609 2871 678 2909 ex
714 2855 834 2910 aliis
869 2856 1077 2911 debent
1109 2858 1362 2911 constare
1395 2854 1698 2921 elementiS,

203 2928 333 2982 inde
368 2928 474 2982 alia
508 2946 577 2983 ex
613 2930 748 2997 aliis,
783 2949 1053 3002 nusquam
1088 2931 1387 2986 consistere
1423 2935 1487 2984 ut
1521 2931 1695 2986 ausis:

205 3005 408 3073 quippe
443 3021 654 3075 sequar,
691 3010 1075 3077 quodcumque
1109 3008 1257 3077 loqui
1294 3006 1588 3075 ridereque
1624 3006 1775 3062 dices

205 3084 267 3134 et
301 3097 508 3150 sapere,
543 3099 612 3135 ex
648 3083 769 3136 aliis
804 3085 998 3139 eadem
1034 3085 1169 3139 haec
1203 3082 1531 3138 facientibus
1565 3090 1629 3138 ut
1664 3083 1752 3138 sit.

195 3157 355 3221 ,duod
390 3158 437 3210 si
471 3157 646 3213 delira
680 3158 815 3214 haec
848 3161 1160 3227 furiosaque
1197 3160 1468 3214 cernimus
1503 3177 1624 3215 csse
1843 3180 1915 3219 985
