<?xml version="1.0" encoding="UTF-8"?>
<!DOCTYPE html PUBLIC "-//W3C//DTD XHTML 1.0 Transitional//EN"
    "http://www.w3.org/TR/xhtml1/DTD/xhtml1-transitional.dtd">
<html xmlns="http://www.w3.org/1999/xhtml" xml:lang="en" lang="en">
 <head>
  <title>
</title>
<meta http-equiv="Content-Type" content="text/html;charset=utf-8" />
  <meta name='ocr-system' content='tesseract 3.04.00' />
  <meta name='ocr-capabilities' content='ocr_page ocr_carea ocr_par ocr_line ocrx_word'/>
</head>
<body>
  <div class='ocr_page' id='page_1' title='image "./tlucreticarider03unkngoog_0034.png"; bbox 0 0 2259 3442; ppageno 0'>
   <div class='ocr_carea' id='block_1_1' title="bbox 1046 122 1212 175">
    <p class='ocr_par' dir='ltr' id='par_1_1' title="bbox 1046 122 1212 175">
     <span class='ocr_line' id='line_1_1' title="bbox 1046 122 1212 175; baseline 0.006 -1"><span class='ocrx_word' id='word_1_1' title='bbox 1046 122 1212 175; x_wconf 69' lang='lat' dir='ltr'><strong>xxviii</strong></span> 
     </span>
    </p>
   </div>
   <div class='ocr_carea' id='block_1_2' title="bbox 274 255 1988 1265">
    <p class='ocr_par' dir='ltr' id='par_1_2' title="bbox 280 255 1979 418">
     <span class='ocr_line' id='line_1_2' title="bbox 385 255 1979 325; baseline 0.001 -14"><span class='ocrx_word' id='word_1_2' title='bbox 385 262 482 311; x_wconf 82' lang='lat'><strong>182</strong></span> <span class='ocrx_word' id='word_1_3' title='bbox 552 271 654 325; x_wconf 88' lang='lat' dir='ltr'><strong>pro</strong></span> <span class='ocrx_word' id='word_1_4' title='bbox 701 266 976 307; x_wconf 54' lang='lat' dir='ltr'><strong>nomisma</strong></span> <span class='ocrx_word' id='word_1_5' title='bbox 1025 268 1177 306; x_wconf 71' lang='lat' dir='ltr'><strong>nnus</strong></span> <span class='ocrx_word' id='word_1_6' title='bbox 1224 255 1415 323; x_wconf 82' lang='lat' dir='ltr'>scripsi</span> <span class='ocrx_word' id='word_1_7' title='bbox 1462 255 1616 310; x_wconf 77' lang='lat' dir='ltr'><strong>divis</strong></span> <span class='ocrx_word' id='word_1_8' title='bbox 1660 256 1979 314; x_wconf 75' lang='lat' dir='ltr'><strong>hominum.</strong></span> 
     </span>
     <span class='ocr_line' id='line_1_3' title="bbox 280 339 1298 418; baseline -0.005 -22"><span class='ocrx_word' id='word_1_9' title='bbox 280 342 657 396; x_wconf 82' lang='lat' dir='ltr'><strong>Lachmannus</strong></span> <span class='ocrx_word' id='word_1_10' title='bbox 681 339 986 392; x_wconf 76' lang='lat' dir='ltr'><strong>hominum</strong></span> <span class='ocrx_word' id='word_1_11' title='bbox 1009 339 1112 392; x_wconf 78' lang='lat' dir='ltr'><strong>dis.</strong></span> <span class='ocrx_word' id='word_1_12' title='bbox 1291 412 1298 418; x_wconf 88' lang='lat'><strong>.</strong></span> 
     </span>
    </p>

    <p class='ocr_par' dir='ltr' id='par_1_3' title="bbox 279 427 1981 663">
     <span class='ocr_line' id='line_1_4' title="bbox 384 427 1981 498; baseline 0.001 -15"><span class='ocrx_word' id='word_1_13' title='bbox 384 435 481 483; x_wconf 90' lang='grc'><strong>201</strong></span> <span class='ocrx_word' id='word_1_14' title='bbox 553 442 654 496; x_wconf 86' lang='lat' dir='ltr'><strong>pro</strong></span> <span class='ocrx_word' id='word_1_15' title='bbox 701 439 922 479; x_wconf 74' lang='lat' dir='ltr'>AVIDAM</span> <span class='ocrx_word' id='word_1_16' title='bbox 972 427 1165 494; x_wconf 83' lang='lat' dir='ltr'><strong>scripsi</strong></span> <span class='ocrx_word' id='word_1_17' title='bbox 1211 427 1414 481; x_wconf 80' lang='lat' dir='ltr'><strong>avidei.</strong></span> <span class='ocrx_word' id='word_1_18' title='bbox 1486 428 1696 482; x_wconf 81' lang='lat' dir='ltr'><strong>librarii</strong></span> <span class='ocrx_word' id='word_1_19' title='bbox 1743 431 1981 498; x_wconf 89' lang='lat' dir='ltr'><strong>primum</strong></span> 
     </span>
     <span class='ocr_line' id='line_1_5' title="bbox 279 511 1981 583; baseline 0.002 -15"><span class='ocrx_word' id='word_1_20' title='bbox 279 515 520 577; x_wconf 65' lang='lat' dir='ltr'><strong>avidam,</strong></span> <span class='ocrx_word' id='word_1_21' title='bbox 568 511 768 566; x_wconf 87' lang='lat' dir='ltr'><strong>deinde</strong></span> <span class='ocrx_word' id='word_1_22' title='bbox 814 512 1049 565; x_wconf 79' lang='lat' dir='ltr'><strong>avidam</strong></span> <span class='ocrx_word' id='word_1_23' title='bbox 1095 511 1360 566; x_wconf 83' lang='lat' dir='ltr'><strong>fecerunt.</strong></span> <span class='ocrx_word' id='word_1_24' title='bbox 1431 513 1763 583; x_wconf 77' lang='lat' dir='ltr'><strong>Bernaysius</strong></span> <span class='ocrx_word' id='word_1_25' title='bbox 1798 516 1981 571; x_wconf 81' lang='lat' dir='ltr'><strong>avide.</strong></span> 
     </span>
     <span class='ocr_line' id='line_1_6' title="bbox 282 595 953 663; baseline -0.006 -10"><span class='ocrx_word' id='word_1_26' title='bbox 282 598 656 653; x_wconf 80' lang='lat' dir='ltr'><strong>Lachmannus</strong></span> <span class='ocrx_word' id='word_1_27' title='bbox 680 595 953 663; x_wconf 79' lang='lat' dir='ltr'><em>aliquam.</em></span> 
     </span>
    </p>

    <p class='ocr_par' dir='ltr' id='par_1_4' title="bbox 274 681 1988 1265">
     <span class='ocr_line' id='line_1_7' title="bbox 384 681 1982 752; baseline 0.002 -15"><span class='ocrx_word' id='word_1_28' title='bbox 384 689 485 738; x_wconf 83' lang='lat'><strong>312</strong></span> <span class='ocrx_word' id='word_1_29' title='bbox 553 698 654 752; x_wconf 86' lang='lat' dir='ltr'><strong>pro</strong></span> <span class='ocrx_word' id='word_1_30' title='bbox 704 685 962 750; x_wconf 88' lang='lat' dir='ltr'><strong>corrupto</strong></span> <span class='ocrx_word' id='word_1_31' title='bbox 1006 681 1271 735; x_wconf 89' lang='lat' dir='ltr'><strong>librorum</strong></span> <span class='ocrx_word' id='word_1_32' title='bbox 1315 682 1627 746; x_wconf 61' lang='lat' dir='ltr'><strong>Qun-„amn</strong></span> <span class='ocrx_word' id='word_1_33' title='bbox 1686 698 1982 741; x_wconf 72' lang='lat' dir='ltr'><strong>Pnoronno</strong></span> 
     </span>
     <span class='ocr_line' id='line_1_8' title="bbox 280 767 1985 839; baseline 0.001 -17"><span class='ocrx_word' id='word_1_34' title='bbox 280 782 621 828; x_wconf 73' lang='lat' dir='ltr'><strong>smlcmuonn</strong></span> <span class='ocrx_word' id='word_1_35' title='bbox 676 781 988 821; x_wconf 70' lang='lat' dir='ltr'><strong>smscnnn</strong></span> <span class='ocrx_word' id='word_1_36' title='bbox 1034 780 1248 819; x_wconf 71' lang='lat' dir='ltr'><strong>oni-:ms</strong></span> <span class='ocrx_word' id='word_1_37' title='bbox 1294 767 1482 834; x_wconf 80' lang='lat' dir='ltr'><strong>scripsi</strong></span> <span class='ocrx_word' id='word_1_38' title='bbox 1528 768 1796 836; x_wconf 76' lang='lat' dir='ltr'><strong>Aeraque</strong></span> <span class='ocrx_word' id='word_1_39' title='bbox 1842 787 1985 839; x_wconf 85' lang='lat' dir='ltr'><strong>pro-</strong></span> 
     </span>
     <span class='ocr_line' id='line_1_9' title="bbox 274 852 1984 921; baseline 0.003 -16"><span class='ocrx_word' id='word_1_40' title='bbox 274 868 455 919; x_wconf 75' lang='lat' dir='ltr'><strong>porro</strong></span> <span class='ocrx_word' id='word_1_41' title='bbox 501 852 856 921; x_wconf 70' lang='lat' dir='ltr'><strong>solidumque</strong></span> <span class='ocrx_word' id='word_1_42' title='bbox 892 868 1164 906; x_wconf 75' lang='lat' dir='ltr'><strong><em>senescere</em></strong></span> <span class='ocrx_word' id='word_1_43' title='bbox 1188 854 1445 918; x_wconf 63' lang='lat' dir='ltr'><strong>serrum.</strong></span> <span class='ocrx_word' id='word_1_44' title='bbox 1511 854 1708 908; x_wconf 72' lang='lat' dir='ltr'><strong>credas</strong></span> <span class='ocrx_word' id='word_1_45' title='bbox 1744 871 1876 909; x_wconf 83' lang='lat' dir='ltr'><strong>vero</strong></span> <span class='ocrx_word' id='word_1_46' title='bbox 1913 872 1984 910; x_wconf 84' lang='lat' dir='ltr'><strong>ex</strong></span> 
     </span>
     <span class='ocr_line' id='line_1_10' title="bbox 282 938 1985 1008; baseline 0.003 -18"><span class='ocrx_word' id='word_1_47' title='bbox 282 942 400 1005; x_wconf 84' lang='lat'><strong>338,</strong></span> <span class='ocrx_word' id='word_1_48' title='bbox 438 939 532 1007; x_wconf 91' lang='lat' dir='ltr'><strong>qui</strong></span> <span class='ocrx_word' id='word_1_49' title='bbox 563 938 619 991; x_wconf 89' lang='lat' dir='ltr'><strong>iu</strong></span> <span class='ocrx_word' id='word_1_50' title='bbox 658 938 861 991; x_wconf 82' lang='lat' dir='ltr'><strong>dextra.</strong></span> <span class='ocrx_word' id='word_1_51' title='bbox 893 938 1173 1007; x_wconf 78' lang='lat' dir='ltr'><strong>archetypi</strong></span> <span class='ocrx_word' id='word_1_52' title='bbox 1209 940 1409 1008; x_wconf 77' lang='lat' dir='ltr'><strong>pagina</strong></span> <span class='ocrx_word' id='word_1_53' title='bbox 1441 939 1563 1007; x_wconf 85' lang='lat' dir='ltr'><strong>fuit,</strong></span> <span class='ocrx_word' id='word_1_54' title='bbox 1602 940 1710 993; x_wconf 89' lang='lat' dir='ltr'><strong>huc</strong></span> <span class='ocrx_word' id='word_1_55' title='bbox 1730 940 1985 995; x_wconf 81' lang='lat' dir='ltr'><strong>inlatum</strong></span> 
     </span>
     <span class='ocr_line' id='line_1_11' title="bbox 283 1023 1986 1092; baseline 0.002 -15"><span class='ocrx_word' id='word_1_56' title='bbox 283 1024 663 1080; x_wconf 79' lang='lat' dir='ltr'><strong>Lucretianam</strong></span> <span class='ocrx_word' id='word_1_57' title='bbox 704 1040 893 1079; x_wconf 84' lang='lat' dir='ltr'><strong>vocem</strong></span> <span class='ocrx_word' id='word_1_58' title='bbox 922 1026 1170 1092; x_wconf 80' lang='lat' dir='ltr'><strong>serrum</strong></span> <span class='ocrx_word' id='word_1_59' title='bbox 1218 1024 1442 1078; x_wconf 87' lang='lat' dir='ltr'><strong>eiecisse</strong></span> <span class='ocrx_word' id='word_1_60' title='bbox 1478 1023 1720 1079; x_wconf 81' lang='lat' dir='ltr'><strong>videtur.</strong></span> <span class='ocrx_word' id='word_1_61' title='bbox 1759 1025 1826 1079; x_wconf 85' lang='lat' dir='ltr'><strong>cf.</strong></span> <span class='ocrx_word' id='word_1_62' title='bbox 1864 1042 1986 1080; x_wconf 85' lang='lat' dir='ltr'><strong>ann.</strong></span> 
     </span>
     <span class='ocr_line' id='line_1_12' title="bbox 282 1111 1985 1182; baseline 0 -17"><span class='ocrx_word' id='word_1_63' title='bbox 282 1112 420 1180; x_wconf 87' lang='lat' dir='ltr'><strong>phil.</strong></span> <span class='ocrx_word' id='word_1_64' title='bbox 446 1112 603 1167; x_wconf 81' lang='lat' dir='ltr'><strong>Cant.</strong></span> <span class='ocrx_word' id='word_1_65' title='bbox 629 1129 652 1167; x_wconf 93' lang='lat'>1</span> <span class='ocrx_word' id='word_1_66' title='bbox 674 1129 725 1182; x_wconf 90' lang='lat' dir='ltr'><strong>p.</strong></span> <span class='ocrx_word' id='word_1_67' title='bbox 751 1117 851 1170; x_wconf 87' lang='lat'><strong>373</strong></span> <span class='ocrx_word' id='word_1_68' title='bbox 876 1116 936 1166; x_wconf 87' lang='lat' dir='ltr'><strong>et</strong></span> <span class='ocrx_word' id='word_1_69' title='bbox 957 1127 1015 1165; x_wconf 87' lang='lat' dir='ltr'><strong>1v</strong></span> <span class='ocrx_word' id='word_1_70' title='bbox 1037 1127 1090 1180; x_wconf 90' lang='lat' dir='ltr'><strong>p.</strong></span> <span class='ocrx_word' id='word_1_71' title='bbox 1117 1117 1230 1167; x_wconf 86' lang='grc'><strong>142,</strong></span> <span class='ocrx_word' id='word_1_72' title='bbox 1277 1111 1654 1165; x_wconf 76' lang='lat' dir='ltr'><strong>Lachmannus</strong></span> <span class='ocrx_word' id='word_1_73' title='bbox 1678 1111 1985 1165; x_wconf 80' lang='lat' dir='ltr'><strong>mirabilem</strong></span> 
     </span>
     <span class='ocr_line' id='line_1_13' title="bbox 283 1196 1988 1265; baseline 0.001 -16"><span class='ocrx_word' id='word_1_74' title='bbox 283 1196 426 1251; x_wconf 88' lang='lat' dir='ltr'><strong>hunc</strong></span> <span class='ocrx_word' id='word_1_75' title='bbox 462 1214 680 1252; x_wconf 85' lang='lat' dir='ltr'><strong>versum</strong></span> <span class='ocrx_word' id='word_1_76' title='bbox 718 1196 954 1265; x_wconf 76' lang='lat' dir='ltr'><strong>extudit,</strong></span> <span class='ocrx_word' id='word_1_77' title='bbox 980 1196 1137 1260; x_wconf 76' lang='lat' dir='ltr'><strong>Quae</strong></span> <span class='ocrx_word' id='word_1_78' title='bbox 1154 1197 1292 1263; x_wconf 79' lang='lat' dir='ltr'><strong>sore</strong></span> <span class='ocrx_word' id='word_1_79' title='bbox 1316 1212 1610 1264; x_wconf 80' lang='lat' dir='ltr'><strong>proporro</strong></span> <span class='ocrx_word' id='word_1_80' title='bbox 1642 1196 1988 1265; x_wconf 79' lang='lat' dir='ltr'><strong>vetitumque</strong></span> 
     </span>
    </p>
   </div>
   <div class='ocr_carea' id='block_1_3' title="bbox 283 1285 1987 1422">
    <p class='ocr_par' dir='ltr' id='par_1_5' title="bbox 283 1285 1987 1422">
     <span class='ocr_line' id='line_1_14' title="bbox 283 1285 1977 1339; baseline -0.001 -2"><span class='ocrx_word' id='word_1_81' title='bbox 283 1300 553 1339; x_wconf 72' lang='lat' dir='ltr'><strong>senescere</strong></span> <span class='ocrx_word' id='word_1_82' title='bbox 574 1285 780 1339; x_wconf 77' lang='lat' dir='ltr'><strong>credas,</strong></span> <span class='ocrx_word' id='word_1_83' title='bbox 1967 1324 1977 1331; x_wconf 89' lang='lat'><strong>.</strong></span> 
     </span>
     <span class='ocr_line' id='line_1_15' title="bbox 284 1364 1987 1422; baseline -0.001 0"><span class='ocrx_word' id='word_1_84' title='bbox 284 1402 291 1407; x_wconf 87' lang='lat'><em>-</em></span> <span class='ocrx_word' id='word_1_85' title='bbox 389 1373 490 1422; x_wconf 85' lang='lat'><strong>349</strong></span> <span class='ocrx_word' id='word_1_86' title='bbox 560 1366 861 1421; x_wconf 80' lang='lat' dir='ltr'><strong>necessario</strong></span> <span class='ocrx_word' id='word_1_87' title='bbox 908 1364 1255 1418; x_wconf 85' lang='lat' dir='ltr'><strong>scribendum</strong></span> <span class='ocrx_word' id='word_1_88' title='bbox 1301 1381 1425 1419; x_wconf 89' lang='lat' dir='ltr'><strong>cum</strong></span> <span class='ocrx_word' id='word_1_89' title='bbox 1468 1364 1568 1418; x_wconf 89' lang='lat' dir='ltr'><strong>Pio</strong></span> <span class='ocrx_word' id='word_1_90' title='bbox 1610 1368 1670 1419; x_wconf 89' lang='lat' dir='ltr'><strong>et</strong></span> <span class='ocrx_word' id='word_1_91' title='bbox 1706 1366 1987 1421; x_wconf 84' lang='lat' dir='ltr'><strong>veteribus</strong></span> 
     </span>
    </p>
   </div>
   <div class='ocr_carea' id='block_1_4' title="bbox 279 1449 1988 3062">
    <p class='ocr_par' dir='ltr' id='par_1_6' title="bbox 284 1449 1987 1591">
     <span class='ocr_line' id='line_1_16' title="bbox 284 1449 1987 1519; baseline 0.003 -16"><span class='ocrx_word' id='word_1_92' title='bbox 284 1452 479 1507; x_wconf 75' lang='lat' dir='ltr'><strong>isdem.</strong></span> <span class='ocrx_word' id='word_1_93' title='bbox 536 1453 624 1506; x_wconf 92' lang='lat' dir='ltr'><strong>hic</strong></span> <span class='ocrx_word' id='word_1_94' title='bbox 656 1466 874 1519; x_wconf 86' lang='lat' dir='ltr'><strong>quoque</strong></span> <span class='ocrx_word' id='word_1_95' title='bbox 909 1449 1287 1505; x_wconf 82' lang='lat' dir='ltr'><strong>Lachmannus</strong></span> <span class='ocrx_word' id='word_1_96' title='bbox 1324 1467 1467 1505; x_wconf 75' lang='lat' dir='ltr'>IDEM</span> <span class='ocrx_word' id='word_1_97' title='bbox 1500 1451 1768 1505; x_wconf 88' lang='lat' dir='ltr'><strong>librorum</strong></span> <span class='ocrx_word' id='word_1_98' title='bbox 1803 1469 1987 1508; x_wconf 78' lang='lat' dir='ltr'><strong>serva-</strong></span> 
     </span>
     <span class='ocr_line' id='line_1_17' title="bbox 285 1538 969 1591; baseline 0.003 -1"><span class='ocrx_word' id='word_1_99' title='bbox 285 1538 380 1591; x_wconf 82' lang='lat' dir='ltr'><strong>vit.</strong></span> <span class='ocrx_word' id='word_1_100' title='bbox 965 1578 969 1583; x_wconf 82' lang='lat'>-</span> 
     </span>
    </p>

    <p class='ocr_par' dir='ltr' id='par_1_7' title="bbox 279 1604 1986 1776">
     <span class='ocr_line' id='line_1_18' title="bbox 387 1604 1986 1694; baseline 0.003 -17"><span class='ocrx_word' id='word_1_101' title='bbox 387 1628 487 1677; x_wconf 87' lang='lat'><strong>409</strong></span> <span class='ocrx_word' id='word_1_102' title='bbox 527 1625 586 1677; x_wconf 89' lang='lat' dir='ltr'><strong>et</strong></span> <span class='ocrx_word' id='word_1_103' title='bbox 626 1627 729 1675; x_wconf 80' lang='grc'><strong>410</strong></span> <span class='ocrx_word' id='word_1_104' title='bbox 800 1621 1180 1676; x_wconf 84' lang='lat' dir='ltr'><strong>Lachmannus</strong></span> <span class='ocrx_word' id='word_1_105' title='bbox 1217 1622 1356 1676; x_wconf 89' lang='lat' dir='ltr'><strong>miro</strong></span> <span class='ocrx_word' id='word_1_106' title='bbox 1398 1639 1585 1678; x_wconf 71' lang='lat' dir='ltr'><strong>errore</strong></span> <span class='ocrx_word' id='word_1_107' title='bbox 1624 1604 1893 1694; x_wconf 69' lang='lat' dir='ltr'><strong>invertit3</strong></span> <span class='ocrx_word' id='word_1_108' title='bbox 1926 1629 1986 1681; x_wconf 85' lang='lat' dir='ltr'><strong>et</strong></span> 
     </span>
     <span class='ocr_line' id='line_1_19' title="bbox 279 1706 972 1776; baseline 0.001 -15"><span class='ocrx_word' id='word_1_109' title='bbox 279 1710 387 1761; x_wconf 87' lang='lat'><strong>‘410</strong></span> <span class='ocrx_word' id='word_1_110' title='bbox 409 1725 510 1776; x_wconf 88' lang='lat' dir='ltr'><strong>pro</strong></span> <span class='ocrx_word' id='word_1_111' title='bbox 534 1722 644 1761; x_wconf 74' lang='lat' dir='ltr'><strong>Am·</strong></span> <span class='ocrx_word' id='word_1_112' title='bbox 669 1706 886 1775; x_wconf 89' lang='lat' dir='ltr'><strong>scripsit</strong></span> <span class='ocrx_word' id='word_1_113' title='bbox 908 1714 972 1762; x_wconf 79' lang='lat' dir='ltr'><strong>et.</strong></span> 
     </span>
    </p>

    <p class='ocr_par' dir='ltr' id='par_1_8' title="bbox 288 1793 1987 1938">
     <span class='ocr_line' id='line_1_20' title="bbox 387 1793 1987 1864; baseline 0.003 -16"><span class='ocrx_word' id='word_1_114' title='bbox 387 1800 490 1849; x_wconf 88' lang='grc'><strong>430</strong></span> <span class='ocrx_word' id='word_1_115' title='bbox 558 1793 683 1848; x_wconf 85' lang='lat' dir='ltr'><strong>libri</strong></span> <span class='ocrx_word' id='word_1_116' title='bbox 733 1809 921 1849; x_wconf 74' lang='lat' dir='ltr'><strong>SAEPE.</strong></span> <span class='ocrx_word' id='word_1_117' title='bbox 992 1793 1370 1848; x_wconf 81' lang='lat' dir='ltr'><strong>Lachmannus</strong></span> <span class='ocrx_word' id='word_1_118' title='bbox 1414 1810 1648 1863; x_wconf 72' lang='lat' dir='ltr'><strong>semper,</strong></span> <span class='ocrx_word' id='word_1_119' title='bbox 1691 1797 1840 1864; x_wconf 87' lang='lat' dir='ltr'><strong>quod</strong></span> <span class='ocrx_word' id='word_1_120' title='bbox 1886 1799 1987 1852; x_wconf 89' lang='lat' dir='ltr'><strong>mi-</strong></span> 
     </span>
     <span class='ocr_line' id='line_1_21' title="bbox 288 1881 1042 1938; baseline 0.001 -5"><span class='ocrx_word' id='word_1_121' title='bbox 288 1881 432 1936; x_wconf 69' lang='lat' dir='ltr'><strong>nime</strong></span> <span class='ocrx_word' id='word_1_122' title='bbox 454 1881 819 1938; x_wconf 86' lang='lat' dir='ltr'><strong>necessarium</strong></span> <span class='ocrx_word' id='word_1_123' title='bbox 843 1884 942 1936; x_wconf 89' lang='lat' dir='ltr'><strong>est.</strong></span> <span class='ocrx_word' id='word_1_124' title='bbox 1032 1926 1042 1934; x_wconf 85' lang='lat'><strong>.</strong></span> 
     </span>
    </p>

    <p class='ocr_par' dir='ltr' id='par_1_9' title="bbox 289 1966 1985 2194">
     <span class='ocr_line' id='line_1_22' title="bbox 390 1966 1985 2039; baseline 0.003 -16"><span class='ocrx_word' id='word_1_125' title='bbox 390 1975 507 2039; x_wconf 88' lang='grc'><strong>460,</strong></span> <span class='ocrx_word' id='word_1_126' title='bbox 531 1974 632 2023; x_wconf 87' lang='grc'><strong>463</strong></span> <span class='ocrx_word' id='word_1_127' title='bbox 704 1967 1007 2022; x_wconf 77' lang='lat' dir='ltr'><strong>rectissime</strong></span> <span class='ocrx_word' id='word_1_128' title='bbox 1042 1983 1102 2020; x_wconf 88' lang='lat' dir='ltr'><strong>se</strong></span> <span class='ocrx_word' id='word_1_129' title='bbox 1138 1967 1307 2021; x_wconf 82' lang='lat' dir='ltr'><strong>habet</strong></span> <span class='ocrx_word' id='word_1_130' title='bbox 1340 1966 1604 2021; x_wconf 86' lang='lat' dir='ltr'><strong>librorum</strong></span> <span class='ocrx_word' id='word_1_131' title='bbox 1638 1983 1892 2025; x_wconf 72' lang='lat' dir='ltr'><strong>vmmuus</strong></span> <span class='ocrx_word' id='word_1_132' title='bbox 1911 2013 1923 2026; x_wconf 94' lang='lat'><strong>.</strong></span> <span class='ocrx_word' id='word_1_133' title='bbox 1941 2013 1954 2027; x_wconf 91' lang='lat'><strong>.</strong></span> <span class='ocrx_word' id='word_1_134' title='bbox 1973 2013 1985 2026; x_wconf 94' lang='lat'><strong>.</strong></span> 
     </span>
     <span class='ocr_line' id='line_1_23' title="bbox 292 2051 1985 2115; baseline 0.004 -9"><span class='ocrx_word' id='word_1_135' title='bbox 292 2053 679 2115; x_wconf 71' lang='lat' dir='ltr'><strong>EXALANTQUE.</strong></span> <span class='ocrx_word' id='word_1_136' title='bbox 742 2052 1119 2106; x_wconf 81' lang='lat' dir='ltr'><strong>Lachmannus</strong></span> <span class='ocrx_word' id='word_1_137' title='bbox 1154 2052 1289 2106; x_wconf 85' lang='lat' dir='ltr'><strong>satis</strong></span> <span class='ocrx_word' id='word_1_138' title='bbox 1322 2051 1586 2107; x_wconf 78' lang='lat' dir='ltr'><strong>audacter</strong></span> <span class='ocrx_word' id='word_1_139' title='bbox 1619 2053 1893 2110; x_wconf 76' lang='lat' dir='ltr'><strong>videntur</strong></span> <span class='ocrx_word' id='word_1_140' title='bbox 1908 2098 1920 2111; x_wconf 90' lang='lat'><strong>.</strong></span> <span class='ocrx_word' id='word_1_141' title='bbox 1939 2098 1951 2112; x_wconf 93' lang='lat'><strong>.</strong></span> <span class='ocrx_word' id='word_1_142' title='bbox 1970 2098 1985 2114; x_wconf 88' lang='lat'><strong>.</strong></span> 
     </span>
     <span class='ocr_line' id='line_1_24' title="bbox 289 2134 1616 2194; baseline -0.001 -3"><span class='ocrx_word' id='word_1_143' title='bbox 289 2139 538 2194; x_wconf 75' lang='lat' dir='ltr'><strong>Eoealare</strong></span> <span class='ocrx_word' id='word_1_144' title='bbox 560 2135 848 2192; x_wconf 87' lang='lat' dir='ltr'><strong>scribendo</strong></span> <span class='ocrx_word' id='word_1_145' title='bbox 871 2135 980 2188; x_wconf 89' lang='lat' dir='ltr'><strong>vim</strong></span> <span class='ocrx_word' id='word_1_146' title='bbox 1005 2134 1308 2188; x_wconf 81' lang='lat' dir='ltr'><strong>sententiae</strong></span> <span class='ocrx_word' id='word_1_147' title='bbox 1330 2135 1616 2190; x_wconf 90' lang='lat' dir='ltr'><strong>imminuit.</strong></span> 
     </span>
    </p>

    <p class='ocr_par' dir='ltr' id='par_1_10' title="bbox 286 2221 1987 2625">
     <span class='ocr_line' id='line_1_25' title="bbox 389 2221 1986 2293; baseline -0.001 -14"><span class='ocrx_word' id='word_1_148' title='bbox 389 2232 491 2280; x_wconf 89' lang='grc'><strong>485</strong></span> <span class='ocrx_word' id='word_1_149' title='bbox 559 2239 661 2293; x_wconf 90' lang='lat' dir='ltr'><strong>pro</strong></span> <span class='ocrx_word' id='word_1_150' title='bbox 702 2237 776 2274; x_wconf 80' lang='lat' dir='ltr'><strong>AD</strong></span> <span class='ocrx_word' id='word_1_151' title='bbox 810 2235 1016 2274; x_wconf 62' lang='lat' dir='ltr'><strong>mmm</strong></span> <span class='ocrx_word' id='word_1_152' title='bbox 1050 2233 1278 2274; x_wconf 72' lang='lat' dir='ltr'><strong>PAR-mu</strong></span> <span class='ocrx_word' id='word_1_153' title='bbox 1318 2221 1508 2291; x_wconf 82' lang='lat' dir='ltr'><strong>scripsi</strong></span> <span class='ocrx_word' id='word_1_154' title='bbox 1538 2223 1619 2277; x_wconf 83' lang='lat' dir='ltr'><strong>ad</strong></span> <span class='ocrx_word' id='word_1_155' title='bbox 1656 2221 1870 2278; x_wconf 79' lang='lat' dir='ltr'><strong>limina</strong></span> <span class='ocrx_word' id='word_1_156' title='bbox 1916 2225 1986 2278; x_wconf 83' lang='lat' dir='ltr'><strong>in</strong></span> 
     </span>
     <span class='ocr_line' id='line_1_26' title="bbox 286 2305 1988 2378; baseline 0.002 -18"><span class='ocrx_word' id='word_1_157' title='bbox 286 2315 503 2362; x_wconf 76' lang='lat' dir='ltr'><strong>artum.</strong></span> <span class='ocrx_word' id='word_1_158' title='bbox 579 2305 834 2360; x_wconf 82' lang='lat' dir='ltr'><strong>librarius</strong></span> <span class='ocrx_word' id='word_1_159' title='bbox 879 2305 1096 2358; x_wconf 82' lang='lat' dir='ltr'><strong>litteras</strong></span> <span class='ocrx_word' id='word_1_160' title='bbox 1144 2305 1249 2358; x_wconf 81' lang='lat' dir='ltr'><strong>ina</strong></span> <span class='ocrx_word' id='word_1_161' title='bbox 1290 2306 1376 2360; x_wconf 89' lang='lat' dir='ltr'><strong>bis</strong></span> <span class='ocrx_word' id='word_1_162' title='bbox 1420 2307 1660 2362; x_wconf 85' lang='lat' dir='ltr'><strong>scribere</strong></span> <span class='ocrx_word' id='word_1_163' title='bbox 1706 2308 1988 2378; x_wconf 80' lang='lat' dir='ltr'><strong>neglexit;</strong></span> 
     </span>
     <span class='ocr_line' id='line_1_27' title="bbox 287 2389 1985 2461; baseline 0.003 -19"><span class='ocrx_word' id='word_1_164' title='bbox 287 2389 501 2456; x_wconf 82' lang='lat' dir='ltr'><strong>deinde,</strong></span> <span class='ocrx_word' id='word_1_165' title='bbox 524 2394 590 2445; x_wconf 90' lang='lat' dir='ltr'><strong>ut</strong></span> <span class='ocrx_word' id='word_1_166' title='bbox 610 2390 887 2442; x_wconf 82' lang='lat' dir='ltr'><strong>constaret</strong></span> <span class='ocrx_word' id='word_1_167' title='bbox 921 2403 1123 2456; x_wconf 72' lang='lat' dir='ltr'><strong>versu3‚</strong></span> <span class='ocrx_word' id='word_1_168' title='bbox 1146 2404 1248 2456; x_wconf 89' lang='lat' dir='ltr'><strong>pro</strong></span> <span class='ocrx_word' id='word_1_169' title='bbox 1271 2403 1446 2444; x_wconf 64' lang='lat' dir='ltr'><strong>mum</strong></span> <span class='ocrx_word' id='word_1_170' title='bbox 1467 2393 1714 2447; x_wconf 79' lang='lat' dir='ltr'><strong>exaravit</strong></span> <span class='ocrx_word' id='word_1_171' title='bbox 1744 2400 1985 2461; x_wconf 76' lang='lat' dir='ltr'><strong>partem.</strong></span> 
     </span>
     <span class='ocr_line' id='line_1_28' title="bbox 295 2471 1987 2545; baseline 0.005 -21"><span class='ocrx_word' id='word_1_172' title='bbox 295 2472 668 2527; x_wconf 80' lang='lat' dir='ltr'><strong>Lachmannus</strong></span> <span class='ocrx_word' id='word_1_173' title='bbox 700 2478 954 2526; x_wconf 69' lang='lat' dir='ltr'><strong>extrema</strong></span> <span class='ocrx_word' id='word_1_174' title='bbox 989 2489 1028 2525; x_wconf 84' lang='lat' dir='ltr'><strong><em>a</em></strong></span> <span class='ocrx_word' id='word_1_175' title='bbox 1065 2471 1281 2526; x_wconf 81' lang='lat' dir='ltr'><strong>limini’</strong></span> <span class='ocrx_word' id='word_1_176' title='bbox 1319 2481 1508 2544; x_wconf 79' lang='lat' dir='ltr'><strong>parte,</strong></span> <span class='ocrx_word' id='word_1_177' title='bbox 1551 2479 1701 2545; x_wconf 88' lang='lat' dir='ltr'><strong>quod</strong></span> <span class='ocrx_word' id='word_1_178' title='bbox 1741 2494 1864 2532; x_wconf 87' lang='lat' dir='ltr'><strong>cum</strong></span> <span class='ocrx_word' id='word_1_179' title='bbox 1905 2494 1987 2532; x_wconf 87' lang='lat' dir='ltr'><strong>sc—</strong></span> 
     </span>
     <span class='ocr_line' id='line_1_29' title="bbox 289 2556 982 2625; baseline 0.003 -17"><span class='ocrx_word' id='word_1_180' title='bbox 289 2558 478 2625; x_wconf 88' lang='lat' dir='ltr'><strong>quenti</strong></span> <span class='ocrx_word' id='word_1_181' title='bbox 502 2575 663 2612; x_wconf 83' lang='lat' dir='ltr'><strong>versu</strong></span> <span class='ocrx_word' id='word_1_182' title='bbox 686 2572 824 2611; x_wconf 82' lang='lat' dir='ltr'><strong>com¹</strong></span> <span class='ocrx_word' id='word_1_183' title='bbox 826 2556 982 2625; x_wconf 73' lang='lat' dir='ltr'><strong>mgit.</strong></span> 
     </span>
    </p>

    <p class='ocr_par' dir='ltr' id='par_1_11' title="bbox 391 2642 1820 2700">
     <span class='ocr_line' id='line_1_30' title="bbox 391 2642 1820 2700; baseline 0.003 -4"><span class='ocrx_word' id='word_1_184' title='bbox 391 2650 492 2699; x_wconf 87' lang='grc'><strong>503</strong></span> <span class='ocrx_word' id='word_1_185' title='bbox 562 2642 829 2698; x_wconf 76' lang='lat' dir='ltr'><strong>librorum</strong></span> <span class='ocrx_word' id='word_1_186' title='bbox 851 2659 999 2698; x_wconf 76' lang='lat' dir='ltr'>HAEC</span> <span class='ocrx_word' id='word_1_187' title='bbox 1023 2645 1247 2698; x_wconf 75' lang='lat' dir='ltr'><strong>servavi.</strong></span> <span class='ocrx_word' id='word_1_188' title='bbox 1312 2645 1689 2700; x_wconf 82' lang='lat' dir='ltr'><strong>Lachmannus</strong></span> <span class='ocrx_word' id='word_1_189' title='bbox 1711 2647 1820 2700; x_wconf 78' lang='lat' dir='ltr'><strong>hic.</strong></span> 
     </span>
    </p>

    <p class='ocr_par' dir='ltr' id='par_1_12' title="bbox 286 2731 1986 3062">
     <span class='ocr_line' id='line_1_31' title="bbox 392 2731 1982 2802; baseline 0.003 -19"><span class='ocrx_word' id='word_1_190' title='bbox 392 2738 494 2787; x_wconf 88' lang='lat'><strong>513</strong></span> <span class='ocrx_word' id='word_1_191' title='bbox 527 2749 645 2802; x_wconf 90' lang='lat' dir='ltr'><strong>sqq.</strong></span> <span class='ocrx_word' id='word_1_192' title='bbox 683 2732 827 2785; x_wconf 87' lang='lat' dir='ltr'><strong>hunc</strong></span> <span class='ocrx_word' id='word_1_193' title='bbox 850 2732 1029 2786; x_wconf 90' lang='lat' dir='ltr'><strong>locum</strong></span> <span class='ocrx_word' id='word_1_194' title='bbox 1068 2731 1445 2786; x_wconf 82' lang='lat' dir='ltr'><strong>Lachmannus</strong></span> <span class='ocrx_word' id='word_1_195' title='bbox 1480 2732 1618 2785; x_wconf 85' lang='lat' dir='ltr'><strong>mire</strong></span> <span class='ocrx_word' id='word_1_196' title='bbox 1647 2731 1982 2801; x_wconf 80' lang='lat' dir='ltr'><strong>depravavit.</strong></span> 
     </span>
     <span class='ocr_line' id='line_1_32' title="bbox 287 2820 1983 2889; baseline 0.006 -22"><span class='ocrx_word' id='word_1_197' title='bbox 287 2821 388 2869; x_wconf 86' lang='lat'><strong>513</strong></span> <span class='ocrx_word' id='word_1_198' title='bbox 423 2834 524 2884; x_wconf 87' lang='lat' dir='ltr'><strong>pro</strong></span> <span class='ocrx_word' id='word_1_199' title='bbox 559 2833 750 2872; x_wconf 72' lang='lat' dir='ltr'><strong>nomm</strong></span> <span class='ocrx_word' id='word_1_200' title='bbox 786 2820 1004 2889; x_wconf 89' lang='lat' dir='ltr'><strong>scripsit</strong></span> <span class='ocrx_word' id='word_1_201' title='bbox 1042 2820 1339 2885; x_wconf 42' lang='lat' dir='ltr'><strong>deorsum&amp;</strong></span> <span class='ocrx_word' id='word_1_202' title='bbox 1377 2824 1477 2872; x_wconf 88' lang='grc'><strong>515</strong></span> <span class='ocrx_word' id='word_1_203' title='bbox 1512 2833 1623 2873; x_wconf 76' lang='lat' dir='ltr'><strong>Am·</strong></span> <span class='ocrx_word' id='word_1_204' title='bbox 1657 2822 1892 2877; x_wconf 81' lang='lat' dir='ltr'><strong>mutavit</strong></span> <span class='ocrx_word' id='word_1_205' title='bbox 1926 2822 1983 2876; x_wconf 85' lang='lat' dir='ltr'><strong>in</strong></span> 
     </span>
     <span class='ocr_line' id='line_1_33' title="bbox 286 2901 1986 2976; baseline 0.006 -23"><span class='ocrx_word' id='word_1_206' title='bbox 286 2901 458 2968; x_wconf 65' lang='grc' dir='ltr'><strong>λίνω,-</strong></span> <span class='ocrx_word' id='word_1_207' title='bbox 496 2909 557 2960; x_wconf 86' lang='lat' dir='ltr'><strong>et</strong></span> <span class='ocrx_word' id='word_1_208' title='bbox 580 2912 682 2961; x_wconf 89' lang='grc'><strong>514</strong></span> <span class='ocrx_word' id='word_1_209' title='bbox 705 2906 1043 2975; x_wconf 85' lang='lat' dir='ltr'><strong>ineptissime</strong></span> <span class='ocrx_word' id='word_1_210' title='bbox 1064 2910 1192 2976; x_wconf 90' lang='lat' dir='ltr'><strong>post</strong></span> <span class='ocrx_word' id='word_1_211' title='bbox 1216 2914 1316 2962; x_wconf 82' lang='grc'><strong>516</strong></span> <span class='ocrx_word' id='word_1_212' title='bbox 1342 2905 1638 2960; x_wconf 81' lang='lat' dir='ltr'><strong>transtulit.</strong></span> <span class='ocrx_word' id='word_1_213' title='bbox 1699 2907 1986 2964; x_wconf 81' lang='lat' dir='ltr'><strong>sanissima</strong></span> 
     </span>
     <span class='ocr_line' id='line_1_34' title="bbox 288 2989 1267 3062; baseline 0.008 -22"><span class='ocrx_word' id='word_1_214' title='bbox 288 2989 470 3043; x_wconf 79' lang='lat' dir='ltr'><strong>onmia</strong></span> <span class='ocrx_word' id='word_1_215' title='bbox 489 3008 591 3047; x_wconf 88' lang='lat' dir='ltr'><strong>nec</strong></span> <span class='ocrx_word' id='word_1_216' title='bbox 614 2993 904 3062; x_wconf 85' lang='lat' dir='ltr'><strong>quicquam</strong></span> <span class='ocrx_word' id='word_1_217' title='bbox 928 2995 1267 3049; x_wconf 81' lang='lat' dir='ltr'><strong>mutandum.</strong></span> 
     </span>
    </p>
   </div>
   <div class='ocr_carea' id='block_1_5' title="bbox 392 3078 2016 3136">
    <p class='ocr_par' dir='ltr' id='par_1_13' title="bbox 392 3078 2016 3136">
     <span class='ocr_line' id='line_1_35' title="bbox 392 3078 2016 3136; baseline 0.004 -9"><span class='ocrx_word' id='word_1_218' title='bbox 392 3080 493 3130; x_wconf 87' lang='grc'><strong>524</strong></span> <span class='ocrx_word' id='word_1_219' title='bbox 561 3078 689 3132; x_wconf 89' lang='lat' dir='ltr'><strong>libri</strong></span> <span class='ocrx_word' id='word_1_220' title='bbox 712 3093 911 3134; x_wconf 68' lang='lat' dir='ltr'><strong>Emwrxs</strong></span> <span class='ocrx_word' id='word_1_221' title='bbox 935 3084 1088 3134; x_wconf 86' lang='lat' dir='ltr'><strong>recto</strong></span> <span class='ocrx_word' id='word_1_222' title='bbox 1111 3096 1256 3133; x_wconf 82' lang='lat' dir='ltr'><strong>casu.</strong></span> <span class='ocrx_word' id='word_1_223' title='bbox 1316 3078 1695 3134; x_wconf 84' lang='lat' dir='ltr'><strong>Lachmannus</strong></span> <span class='ocrx_word' id='word_1_224' title='bbox 1718 3081 1954 3136; x_wconf 74' lang='lat' dir='ltr'><strong>aventis.</strong></span> <span class='ocrx_word' id='word_1_225' title='bbox 2009 3085 2016 3093; x_wconf 88' lang='grc'><em>“</em></span> 
     </span>
    </p>
   </div>
   <div class='ocr_carea' id='block_1_6' title="bbox 391 3163 1980 3233">
    <p class='ocr_par' dir='ltr' id='par_1_14' title="bbox 391 3163 1980 3233">
     <span class='ocr_line' id='line_1_36' title="bbox 391 3163 1980 3233; baseline 0.002 -18"><span class='ocrx_word' id='word_1_226' title='bbox 391 3165 488 3215; x_wconf 88' lang='grc'><strong>531</strong></span> <span class='ocrx_word' id='word_1_227' title='bbox 561 3179 661 3233; x_wconf 89' lang='lat' dir='ltr'><strong>pro</strong></span> <span class='ocrx_word' id='word_1_228' title='bbox 702 3177 787 3216; x_wconf 79' lang='lat' dir='ltr'><strong>sn·</strong></span> <span class='ocrx_word' id='word_1_229' title='bbox 824 3178 892 3216; x_wconf 72' lang='grc' dir='ltr'><strong>ΕΤ</strong></span> <span class='ocrx_word' id='word_1_230' title='bbox 939 3179 1087 3217; x_wconf 79' lang='lat' dir='ltr'><strong>HAEC</strong></span> <span class='ocrx_word' id='word_1_231' title='bbox 1126 3164 1502 3217; x_wconf 84' lang='lat' dir='ltr'><strong>Lachmannus</strong></span> <span class='ocrx_word' id='word_1_232' title='bbox 1544 3163 1647 3218; x_wconf 75' lang='lat' dir='ltr'><strong>siet</strong></span> <span class='ocrx_word' id='word_1_233' title='bbox 1693 3166 1839 3220; x_wconf 74' lang='lat' dir='ltr'><strong>haec.</strong></span> <span class='ocrx_word' id='word_1_234' title='bbox 1882 3165 1980 3219; x_wconf 83' lang='lat' dir='ltr'><strong>scd</strong></span> 
     </span>
    </p>
   </div>
   <div class='ocr_carea' id='block_1_7' title="bbox 2242 868 2246 1475">
    <p class='ocr_par' dir='ltr' id='par_1_15' title="bbox 2242 868 2246 1475">
     <span class='ocr_line' id='line_1_37' title="bbox 2242 868 2246 1475; baseline 0 0"><span class='ocrx_word' id='word_1_235' title='bbox 2242 868 2246 1475; x_wconf 95' lang='lat' dir='ltr'><strong> </strong></span> 
     </span>
    </p>
   </div>
   <div class='ocr_carea' id='block_1_8' title="bbox 2243 1750 2249 2464">
    <p class='ocr_par' dir='ltr' id='par_1_16' title="bbox 2243 1750 2249 2464">
     <span class='ocr_line' id='line_1_38' title="bbox 2243 1750 2249 2464; baseline 0 0"><span class='ocrx_word' id='word_1_236' title='bbox 2243 1750 2249 2464; x_wconf 95' lang='lat' dir='ltr'><strong> </strong></span> 
     </span>
    </p>
   </div>
  </div>
 </body>
</html>
