2259 3442
1160 126 1257 184 VI
1938 135 2040 191 179

344 225 549 298 quippe
584 223 787 282 etenim
821 226 998 297 primo
1031 226 1187 296 quasi
1220 225 1494 298 quendam
1529 233 1741 285 conciet
1776 237 2002 289 aestum.

342 305 616 375 posterius
651 304 717 359 fit
751 305 850 370 uti,
886 321 1009 358 cum
1043 304 1154 357 iam
1191 304 1442 359 cecidere
1478 305 1674 360 veneni

341 384 398 436 in
432 383 597 437 fontis
631 381 794 451 ipsos,
829 380 906 434 ibi
942 382 1015 435 sit
1051 398 1272 451 quoquc
1307 383 1422 437 vita
1456 385 1727 440 vomenda

341 464 636 530 propterca
670 458 818 528 quod
853 473 1051 526 magna
1084 459 1214 512 mali
1250 459 1317 513 fit
1350 460 1506 530 copia
1541 462 1758 516 circum.

415 536 508 590 Fit
519 552 738 605 quoque
751 539 814 589 ut
829 534 1103 588 interdum
1121 535 1204 588 vis
1218 535 1356 589 hacc
1381 540 1548 604 atque
1556 541 1743 593 aestus
1756 541 1962 594 Averni
1977 556 2049 594 830

331 621 484 681 aera,
520 613 615 682 qui
648 612 797 667 inter
830 612 945 665 avis
978 615 1268 680 cumquest
1303 615 1619 682 terramque
1656 614 1881 682 locatus,

343 688 611 755 discutiat,
646 705 820 759 prope
854 688 940 742 uti
974 687 1121 741 locus
1158 686 1247 741 hic
1281 687 1562 757 linquatur
1596 690 1783 746 inanis.

340 766 492 819 cuius
527 765 621 819 ubi
656 783 688 821 e
722 767 945 834 regione
978 765 1081 818 loci
1115 781 1318 819 venere
1352 766 1614 840 volantes,

340 841 608 897 claudicat
643 843 920 912 extemplo
955 842 1245 910 pinnarum
1274 842 1434 895 nisus
1466 842 1642 898 inanis

340 920 398 971 et
431 935 692 973 conamen
728 920 1006 989 utrimque
1041 919 1252 972 alai-mn
1287 919 1541 988 proditur
1571 936 1747 974 omne.
1971 938 2045 977 835

336 992 428 1048 hic
463 995 559 1049 ubi
593 996 768 1049 nixari
803 999 1081 1065 nequeunt
1115 995 1483 1063 insistereque
1516 995 1633 1062 alis,

337 1071 546 1127 seilicet
579 1072 634 1125 in
670 1075 877 1126 terram
915 1072 1097 1126 delabi
1134 1071 1380 1141 pondere
1416 1072 1562 1140 cogit

335 1152 545 1217 natura,
582 1152 642 1203 et
676 1164 907 1203 vacuum
942 1161 1113 1218 prope
1146 1149 1256 1201 iam
1290 1164 1392 1217 per
1424 1148 1591 1202 inane·
1618 1147 1860 1205 iacentes

333 1223 659 1295 dispergunt
694 1225 902 1279 animas
936 1241 1036 1293 per
1070 1225 1253 1278 caulas
1286 1224 1527 1293 corporis
1561 1225 1750 1279 omnis.

805 1333 810 1340 ·
1157 1319 1189 1352 se

328 1375 581 1445 frigidior
615 1394 780 1447 porro
815 1378 871 1431 in
905 1378 1090 1449 puteis
1124 1380 1336 1432 aestate
1374 1376 1455 1430 fit‘
1472 1393 1644 1444 umor,
1964 1395 2039 1434 εν)

331 1454 560 1508 rarescit
595 1454 723 1523 quia
756 1458 908 1509 terra
941 1454 1121 1509 calore
1157 1457 1218 1508 et
1252 1455 1461 1507 semina
1496 1454 1683 1521 siquae

328 1530 472 1584 forte
506 1531 722 1599 vaporis
757 1530 926 1585 habet
960 1531 1181 1601 proprii,
1218 1530 1452 1584 dimittit
1485 1529 1544 1583 in
1578 1546 1755 1584 auras,

329 1623 437 1675 quo
473 1608 648 1675 magis
685 1611 771 1663 est
807 1608 977 1676 igitur
1014 1608 1176 1662 tellus
1211 1607 1375 1661 effeta
1412 1605 1605 1674 calore,

328 1682 394 1736 fit
428 1701 644 1753 quoque
680 1684 937 1752 frigidior
972 1684 1066 1753 qui
1101 1684 1161 1737 in
1195 1687 1401 1739 terrast
1437 1682 1660 1737 abditus
1694 1700 1863 1738 umor.

323 1758 533 1827 frigore
568 1776 691 1814 cum
726 1761 999 1829 premitur
1032 1776 1198 1829 porro
1233 1760 1410 1812 omnis
1444 1763 1595 1812 terra
1630 1759 1849 1828 coitque
1960 1777 2033 1816 845

325 1839 385 1889 et
420 1836 576 1904 quasi
612 1838 928 1903 concrescit,
963 1835 1030 1889 fit
1064 1835 1277 1889 scilicet
1310 1838 1376 1888 ut
1409 1834 1654 1888 coeundo

324 1913 600 1981 exprimat
634 1912 690 1965 in
725 1916 922 1982 puteos
959 1912 1005 1965 si
1041 1927 1208 1979 quem
1241 1910 1389 1979 gerit
1420 1910 1540 1978 ipsa
1572 1911 1820 1965 calorem.

394 1990 532 2043 Esse
566 1988 717 2057 apud
756 1988 1079 2041 Hammonis
1113 1988 1301 2041 fanum
1334 1988 1457 2040 fons
1491 1986 1613 2041 lucc
1647 1986 1846 2042 diurna

319 2064 550 2133 frigidus
586 2068 646 2120 et
680 2064 888 2119 calidus
922 2068 1190 2118 nocturno
1223 2066 1475 2132 tempore
1508 2064 1700 2117 fertur.

319 2139 464 2195 huuc
499 2142 747 2195 homines
781 2140 986 2194 fontem
1021 2140 1182 2193 nimis
1216 2139 1560 2194 admirantur
1593 2143 1654 2194 et
1687 2141 1798 2194 acri
1952 2154 2028 2193 850

320 2216 433 2271 sole
467 2221 669 2288 putant
704 2220 897 2287 supter
930 2220 1109 2271 terras
1142 2217 1446 2270 fervescere
1480 2217 1696 2286 raptim,

317 2308 428 2347 nox
462 2294 559 2348 ubi
594 2294 830 2349 terribili
866 2297 1044 2348 terras
1080 2293 1313 2361 caligine
1348 2292 1507 2347 texit.

318 2369 467 2436 quod
500 2369 662 2423 nimis
697 2386 731 2423 a
764 2373 949 2424 verast
982 2370 1146 2438 longe
1181 2369 1393 2423 ratione
1426 2371 1716 2424 remotum.

317 2444 522 2515 quippe
556 2443 652 2497 ubi
687 2446 765 2499 sol
803 2446 1011 2499 nudum
1045 2449 1395 2500 contractans
1431 2461 1628 2514 corpus
1663 2446 1822 2514 aquai

314 2536 423 2574 non
458 2521 660 2590 quierit
695 2521 932 2575 calidum
968 2538 1168 2593 supera
1200 2523 1274 2577 de
1308 2522 1544 2577 reddere
1577 2526 1752 2592 parte,
1948 2538 2020 2575 355

316 2612 438 2650 cum
476 2613 734 2667 superum
770 2597 952 2652 lumen
987 2602 1146 2652 tanto
1180 2599 1396 2653 fervore
1428 2599 1662 2668 fruatur,

314 2672 409 2742 qui
446 2676 613 2743 queat
646 2673 735 2727 hic
772 2677 967 2744 supter
999 2677 1116 2728 tam
1150 2689 1336 2729 crasso
1372 2691 1599 2744 corpore
1633 2678 1840 2729 terram

313 2766 650 2819 percoquerc
685 2767 930 2804 umorem
965 2754 1026 2806 et
1060 2751 1240 2806 calido
1275 2751 1479 2806 satiare
1515 2753 1749 2820 vapore}

310 2828 633 2895 praesertim
670 2844 794 2881 cum
827 2827 920 2881 vix
954 2828 1129 2898 possit
1162 2845 1264 2898 por
1297 2832 1491 2899 saepta
1525 2828 1810 2882 domorum

309 2901 587 2957 insinuare
623 2920 778 2957 suum
815 2903 985 2960 radiis
1018 2905 1343 2960 ardentibus
1377 2909 1605 2959 aestum.
1941 2918 2016 2956 sc»

313 2994 452 3046 quae
486 2980 684 3035 ratiost
719 2981 926 3049 igitur?
962 2982 1217 3036 nimirum
1252 2986 1404 3038 terra
1439 2981 1612 3050 nmgis
1645 2981 1795 3049 quod

312 3071 437 3108 rara
469 3059 627 3127 tepet
663 3059 869 3112 circuni
903 3059 1112 3113 fontem
1149 3076 1312 3129 quam
1350 3063 1535 3114 cetera
1571 3058 1736 3113 tellus
1795 3049 1803 3057 ’

309 3130 589 3201 multaque
624 3138 753 3189 sunt
786 3134 929 3203 ignis
964 3152 1139 3205 prope
1174 3137 1379 3190 semina
1411 3152 1610 3206 corpus
1644 3133 1822 3204 aquai.

311 3206 411 3263 hoc
444 3207 540 3262 ubi
573 3211 816 3266 roriferis
848 3216 1056 3267 terram
1090 3228 1200 3267 nox
1236 3212 1421 3268 obruit
1453 3211 1680 3282 umbris,
