2259 3442
237 95 309 157 1‘7
315 96 353 156 8
1035 94 1132 151 VI

230 204 320 256 est
354 200 524 256 etiam
558 199 773 267 magnis
809 198 1098 253 Heliconis
1125 199 1408 255 montibus
1434 202 1606 258 arbos

231 277 381 331 floris
415 277 584 331 odore
620 275 897 329 hominem
932 277 1112 330 taetro
1146 279 1410 333 consueta
1442 296 1655 336 necare.

232 354 439 409 scilicet
473 353 609 408 haec
643 352 768 406 ideo
802 350 969 407 terris
1004 368 1074 407 ex
1109 353 1294 408 omnia
1327 361 1577 425 surgunt,

230 430 405 485 multa
437 429 617 484 modis
650 428 841 483 multis
874 428 1174 483 multarum
1209 431 1422 485 semina
1454 448 1640 487 rerum

229 509 380 577 quod
413 507 690 579 permista
723 507 867 575 gerit
902 504 1066 559 tellus
1103 505 1456 578 discretaque
1489 510 1678 566 tradit.

228 588 661 654 nocturnumque
695 599 886 637 recens
920 583 1226 638 extinctum
1260 584 1447 642 lumen
1480 585 1577 640 ubi
1612 587 1723 642 acri

229 661 421 715 nidore
455 660 685 715 offendit
719 677 894 729 nare8‚
932 659 1182 729 consopit
1216 659 1440 730 ibidem,

231 738 519 793 concidere
557 740 618 791 et
653 735 874 807 spumas
899 735 1004 806 'qui
1040 736 1233 791 morbo
1268 738 1495 792 mittere
1531 739 1724 795 suevit.

230 818 589 884 castoreoque
624 813 777 881 gravi
812 813 1012 867 mulier
1046 814 1229 883 sopita
1261 814 1537 869 recumbit

229 895 289 946 et
325 890 573 946 manibus
608 890 849 945 nitidum
883 889 1091 945 teneris
1126 908 1264 961 opus
1301 892 1475 946 effluit
1508 891 1577 960 ei,

228 973 478 1039 tempore
516 985 582 1024 eo
617 969 664 1023 si
698 968 981 1023 odoratast
1018 984 1125 1037 quo
1162 972 1459 1022 menstrua·
1480 968 1656 1024 solvit.

229 1045 514 1115 multaque
548 1048 837 1116 praeterea
871 1044 1188 1113 languentia
1222 1045 1470 1100 membra
1504 1061 1606 1114 per
1639 1050 1794 1100 artus

228 1122 447 1177 solvunt
480 1125 647 1193 atque
680 1123 917 1175 animam
951 1121 1288 1176 labefactant
1322 1121 1546 1176 sedibus
1580 1122 1744 1178 intus,

230 1198 470 1269 denique
505 1200 551 1253 si
588 1200 777 1254 calidis
813 1200 980 1254 etiam
1016 1201 1276 1253 cunctare
1315 1199 1552 1253 lavabris

227 1276 440 1345 plenior
474 1280 534 1332 et
567 1277 779 1344 laveriS‚
817 1276 952 1330 solio
988 1273 1252 1329 ferventis
1287 1272 1461 1344 aquai
1530 1291 1537 1294 ·

228 1370 393 1420 quam
427 1353 587 1407 facile
621 1353 679 1406 in
714 1351 898 1406 medio
933 1352 998 1406 fit
1033 1353 1116 1407 uti
1154 1351 1254 1406 des
1288 1369 1453 1422 saepe
1488 1352 1701 1409 ruinas!

228 1430 634 1500 carbonumque
667 1429 848 1497 gravis
885 1429 968 1482 vis
1001 1432 1172 1496 atque
1209 1429 1345 1483 odor
1377 1429 1687 1484 insinuatur

227 1522 392 1574 quam
415 1505 576 1560 facile
600 1505 656 1558 in
681 1504 986 1574 cerebrum,
1011 1505 1117 1558 nisi
1140 1520 1341 1573 aquam
1363 1506 1740 1573 praecepimus
1771 1509 1929 1562 ante!

227 1586 288 1638 at
322 1598 446 1637 cum
480 1581 726 1635 membra
761 1581 954 1635 domus
988 1583 1240 1651 percepit
1274 1582 1535 1636 fervidior
1569 1582 1666 1650 vis,

227 1662 348 1713 tum
383 1659 449 1713 fit
484 1658 620 1712 odor
654 1657 758 1711 viri
793 1656 988 1726 plagae
1022 1658 1332 1713 mactabilis
1366 1660 1553 1713 instar.

228 1752 408 1791 nonne
444 1735 599 1790 vides
634 1735 803 1788 etiam
836 1737 990 1789 terra
1024 1752 1243 1804 quoque
1279 1736 1470 1805 sulpur
1503 1736 1561 1789 in
1594 1735 1716 1805 ipsa

226 1813 439 1882 gignier
474 1815 533 1867 et
567 1815 750 1866 taetro
781 1827 1135 1866 concrescere
1170 1811 1339 1866 odore
1373 1812 1655 1879 bitumen;

229 1889 471 1959 denique
507 1889 601 1944 ubi
636 1889 854 1957 argenti
889 1887 1055 1942 venas
1087 1884 1320 1957 ‘aurique
1357 1883 1629 1958 secuntur,

228 1967 397 2021 terrai
432 1966 653 2035 penitus
690 1963 998 2020 scrutantes
1033 1964 1227 2019 abdita
1260 1966 1422 2026 ferro,

226 2044 404 2112 qualis
439 2044 656 2113 expiret
692 2042 1047 2111 Scaptensula
1081 2041 1276 2096 subter
1311 2042 1541 2098 odores?

227 2121 433 2189 quidve
468 2120 597 2174 mali
634 2120 699 2174 fit
732 2122 799 2172 ut
832 2118 1095 2173 exhalent
1127 2121 1324 2173 aurata
1357 2119 1606 2175 metalla!

227 2214 363 2265 quas
399 2196 679 2250 hominum
716 2195 962 2249 reddunt
996 2194 1165 2250 facies
1200 2194 1484 2264 qualisque
1521 2196 1754 2251 colores!

226 2291 406 2329 nonne
440 2273 597 2327 vides
631 2272 858 2328 audisve
891 2273 1074 2342 perire
1108 2272 1166 2325 in
1201 2275 1449 2341 tempore
1482 2289 1652 2341 parvo

228 2367 389 2420 quam
428 2348 639 2403 soleant
673 2352 733 2403 ct
768 2366 931 2418 quam
966 2350 1099 2404 vitai
1136 2349 1294 2420 copia
1330 2350 1490 2418 desit,

228 2444 366 2497 quos
400 2441 564 2496 opere
599 2425 658 2478 in
693 2425 792 2479 tali
827 2424 1046 2480 cohibet
1081 2427 1166 2480 vis
1201 2443 1397 2494 magna
1431 2426 1705 2482 necessis?

226 2504 325 2558 hos
359 2503 532 2573 igitur
565 2501 729 2557 tellus
763 2502 938 2556 omnis
974 2507 1264 2558 exaestuat
1298 2507 1483 2557 aestus

227 2581 554 2651 expiratque
588 2580 735 2633 foras
770 2579 826 2633 in
861 2583 1115 2647 apertum
1153 2575 1516 2650 promptaque
1553 2579 1703 2636 caeli.

298 2659 388 2714 Sic
423 2662 482 2712 et
518 2658 739 2710 Averna
771 2655 891 2710 loca
923 2655 1147 2710 alitibus
1182 2656 1525 2711 summittere
1561 2656 1768 2711 debent

226 2735 562 2790 mortiferam
599 2733 725 2800 vim,
765 2733 835 2788 de
872 2737 1024 2787 terra
1058 2750 1201 2802 quae
1239 2734 1417 2802 surgit
1450 2735 1506 2788 in
1543 2749 1719 2801 auras,

226 2817 292 2867 ut
326 2812 565 2882 spatium
599 2811 733 2864 caeli
768 2811 1006 2881 quadam
1041 2811 1111 2865 de
1147 2813 1306 2880 parte
1342 2813 1606 2876 venenet3

229 2906 338 2958 quo
372 2886 531 2942 simul
568 2902 632 2940 ac
666 2887 903 2956 primum
936 2888 1130 2957 pennis
1166 2886 1350 2941 delata
1385 2886 1459 2941 sit
1492 2885 1618 2956 ales,

227 2963 564 3033 impediatur
597 2961 674 3015 ibi
708 2980 869 3017 caeco
903 2968 1157 3033 correpta
1190 2979 1409 3028 veneno,

225 3043 292 3094 ut
328 3038 491 3092 cadat
524 3053 557 3090 e
591 3037 812 3104 regione
846 3039 964 3107 loci,
1000 3057 1108 3108 qua
1144 3040 1349 3107 derigit
1381 3043 1584 3093 aestus.

226 3130 336 3183 quo
371 3128 496 3166 cum
530 3113 760 3180 conruit,
797 3114 886 3168 hic
922 3116 1115 3169 eadem
1153 3116 1235 3168 vis
1270 3114 1415 3167 illius
1451 3118 1637 3168 aestus

226 3187 486 3255 reliquias
520 3186 667 3239 vitae
698 3188 961 3242 membris
995 3206 1065 3243 cx
1101 3188 1353 3244 omnibus
1386 3188 1583 3242 aufert.

1858 1674 1933 1714 806

1855 2442 1930 2483 815

1855 2822 1931 2864 82)
