2259 3442
338 211 466 249 cum
501 198 688 247 tamon
721 193 869 246 inter
904 209 964 247 se
998 194 1265 263 prostrati
1298 193 1357 248 in
1391 193 1637 262 gramine
1672 194 1823 250 molli

338 267 569 339 propter
602 285 777 336 aquae
812 268 991 323 rivum
1026 270 1130 324 sub
1165 271 1333 325 ramis
1366 269 1576 324 arboris
1611 270 1758 325 altae
2003 289 2054 328 30

337 361 446 399 non
481 345 693 413 magnis
732 344 927 412 opibus
961 347 1197 401 iucunde
1232 363 1459 416 corpora
1492 350 1699 413 curant,

336 422 665 491 praesertim
699 438 824 476 cum
859 426 1161 492 tempestas
1197 423 1421 478 adridet
1455 425 1515 477 et
1550 424 1675 477 anni

336 501 587 567 tempora
620 503 989 567 conspergunt
1021 501 1312 554 viridantis
1347 499 1572 553 floribus
1607 499 1823 554 herbas.

338 589 439 628 nec
473 573 682 628 calidae
719 574 882 629 citius
918 576 1198 631 decedunt
1231 593 1461 645 corpore
1494 575 1689 639 febrca

335 650 623 705 textilibus
658 651 705 704 si
739 651 796 704 in
832 652 1059 719 picturis
1094 657 1356 722 ostroque
1390 651 1609 707 rubenti
2001 669 2052 708 35

334 726 570 795 iacteris‚
607 744 774 796 quam
810 728 856 781 si
891 728 947 782 in
983 729 1199 798 plebeia
1233 732 1387 783 veste
1422 727 1731 782 cubandum
1766 731 1867 784 est.

335 806 673 873 quapropter
707 805 961 873 quoniam
997 807 1073 860 nil
1107 810 1297 860 nostro
1332 805 1391 858 in
1425 821 1653 874 corpore
1686 822 1854 873 gazae

335 880 628 947 proficiunt
662 897 841 950 neque
877 882 1134 937 nobilitas
1169 899 1270 937 nec
1304 881 1477 951 gloria
1511 881 1683 949 regni,

336 955 486 1024 quod
520 961 793 1027 superest,
819 959 998 1012 animo
1034 975 1253 1028 quoque
1289 958 1366 1011 nil
1402 956 1664 1024 prodesse
1699 957 2036 1026 putandum;

335 1032 382 1083 si
417 1047 524 1084 non
558 1032 702 1086 forte
738 1036 862 1087 tuas
897 1033 1140 1102 legiones
1175 1050 1277 1103 per
1309 1034 1428 1086 loca
1461 1033 1639 1100 campi
1998 1049 2049 1087 40

332 1106 549 1161 fervere
584 1123 707 1161 cum
742 1109 929 1163 videas
965 1109 1096 1163 belli
1131 1109 1421 1162 simulacra
1455 1108 1665 1176 cientis,

335 1182 594 1249 subsidiis
628 1184 842 1250 magnis
876 1188 936 1238 et
969 1201 1127 1238 ocum
1162 1185 1218 1238 vi
1252 1183 1637 1255 constabilitas,

334 1262 661 1326 ornatasque
695 1259 862 1312 armis
897 1263 1109 1315 statuas
1144 1261 1463 1329 pariterque
1498 1259 1779 1328 animatas,

336 1333 422 1388 his
458 1334 561 1389 tibi
597 1338 735 1389 tum·
755 1334 922 1390 rebus
957 1336 1274 1391 timefactae
1309 1335 1595 1404 religiones

335 1411 602 1479 effugiunt
638 1412 817 1465 animo
852 1413 1082 1481 pavide;
1119 1413 1423 1481 mortisque
1458 1412 1682 1465 timores
2000 1428 2050 1467 45

334 1488 453 1540 tum
489 1504 717 1541 vacuum
753 1491 945 1557 pectus
981 1489 1192 1545 lincunt
1228 1505 1467 1558 curaque
1503 1487 1759 1557 solutum,

331 1562 546 1617 fervere
580 1580 703 1617 cum
739 1564 928 1619 videas
963 1566 1191 1621 classem
1227 1566 1448 1634 lateque
1484 1565 1683 1633 vagari.

334 1640 483 1708 quod
519 1640 564 1693 si
599 1640 827 1694 ridicula
861 1640 998 1696 haec
1032 1642 1383 1711 ludibriaque
1420 1658 1539 1696 esse
1575 1641 1841 1709 videmuS,

333 1730 395 1769 re
430 1732 669 1784 veraque
703 1721 885 1771 metus
920 1717 1199 1772 hominum
1236 1735 1507 1787 curaeque
1544 1734 1804 1786 sequaces

332 1807 433 1845 nec
467 1795 721 1846 metuunt
755 1794 966 1847 sonitus
1000 1811 1274 1848 armorum
1311 1810 1411 1847 nec
1446 1794 1563 1847 fera
1598 1793 1710 1847 tela
1813 1859 1823 1869 ·

334 1867 706 1936 audacterque
741 1868 887 1923 inter
921 1886 1082 1937 reges
1115 1886 1413 1937 rerumque
1448 1869 1689 1937 potentis
1997 1884 2047 1924 50

333 1946 621 1997 versantur
656 1960 836 2012 neque
870 1944 1138 2012 fulgorem
1175 1947 1496 1998 reverentur
1530 1944 1599 1997 ab
1633 1961 1769 1998 auro

334 2036 436 2073 nec
470 2019 676 2073 clarum
712 2020 880 2075 vestis
918 2020 1265 2089 splendorem
1304 2020 1613 2088 pul-parem,

333 2096 469 2166 quid
504 2095 727 2151 dubitas
763 2096 895 2165 quin
932 2097 1090 2153 omni’
1129 2097 1203 2151 sit
1239 2096 1374 2150 haec
1411 2096 1620 2149 rationi'
1659 2100 1941 2165 potestas?

332 2172 508 2226 omnis
543 2189 667 2226 cum
703 2173 759 2226 in
795 2173 1041 2227 tenebris
1074 2173 1399 2241 praesertim
1437 2172 1550 2225 vita
1583 2171 1809 2228 laboret.

330 2265 457 2303 nam
491 2248 662 2303 veluti
697 2249 854 2319 pueri
889 2250 1175 2318 trepidant
1207 2253 1373 2319 atque
1407 2248 1587 2303 onmia
1621 2249 1793 2304 meeis
1998 2265 2047 2304 55

330 2325 386 2379 in
423 2325 669 2380 tenebris
705 2328 971 2391 metuunt,
1007 2326 1084 2380 sic
1119 2343 1219 2380 nos
1253 2326 1310 2379 in
1345 2325 1467 2379 luce
1503 2325 1761 2380 timemus

328 2401 621 2469 interdum,
658 2401 769 2455 nilo
805 2419 948 2471 quae
983 2408 1110 2457 sunt
1145 2402 1443 2457 metuenda
1475 2402 1650 2471 magis
1687 2418 1851 2470 quam

331 2493 474 2546 quae
507 2478 664 2545 pueri
699 2478 755 2531 in
792 2478 1039 2532 tenebris
1073 2483 1326 2542 pavitant
1363 2480 1686 2547 finguntque
1719 2478 1919 2533 futura.

326 2548 472 2608 hunc
506 2553 676 2621 igitur
711 2556 982 2616 terrorem
1020 2554 1183 2609 animi
1220 2553 1586 2622 tenebrasque
1620 2558 1900 2608 necessest

174 2634 180 2647 '
256 2658 283 2675 ν
330 2645 439 2685 non
474 2629 615 2683 radii
651 2629 780 2682 solis
818 2645 999 2697 neque
1035 2629 1216 2683 lucida
1253 2629 1364 2683 tela
1401 2629 1511 2682 diei
1995 2648 2045 2686 σο

332 2706 646 2772 discutiant,
688 2703 786 2759 sed
823 2711 1053 2763 naturae
1089 2704 1298 2773 species
1335 2704 1603 2773 ratioque.

400 2782 451 2836 N
455 2800 560 2837 unc
597 2798 714 2850 age,
751 2799 859 2850 quo
894 2785 1050 2834 motu
1082 2781 1346 2848 genitalia
1380 2780 1630 2833 materiai

330 2875 556 2927 corpora
591 2876 684 2912 res
723 2859 900 2912 varias
933 2859 1160 2926 gignant
1195 2858 1520 2925 genitasque
1555 2856 1834 2911 resolvant

330 2940 389 2989 et
426 2954 535 3004 qua
570 2936 621 2989 vi
658 2935 840 2989 facere
876 2936 936 2990 id
970 2937 1239 3002 cogantur
1272 2949 1523 3002 quaeque
1561 2932 1634 2986 sit
1670 2932 1793 2986 ollis

329 3012 553 3065 reddita
586 3011 865 3065 mobilitas
903 3027 1159 3079 magnum
1194 3027 1295 3079 per
1329 3010 1488 3062 inane
1524 3008 1762 3077 meandi,
1991 3026 2044 3064 65

331 3087 649 3155 expediam:
683 3090 748 3141 tu
783 3091 842 3140 te
879 3087 1043 3140 dictis
1076 3088 1344 3155 praebere
1377 3088 1673 3139 memento,

330 3179 457 3216 nam
493 3166 645 3217 certo
680 3178 788 3217 non
822 3161 972 3217 inter
1007 3179 1066 3216 sc
1102 3164 1305 3232 stipata
1338 3162 1597 3215 cohaeret
