2259 3442
211 52 238 108 l
249 50 325 109 84
997 53 1093 115 VI

105 180 188 212 was
200 171 300 209 aer
331 174 368 210 a
402 159 559 226 tergo
594 160 750 227 quasi
784 160 1053 228 provehat
1086 164 1257 231 atque
1291 162 1577 232 propellat.

204 249 422 303 semper
457 234 602 287 euim
638 235 1051 305 circumpositus
1085 255 1176 292 res
1211 239 1469 294 verberat
1503 258 1629 308 aer3

204 310 304 363 sed
338 309 437 364 tali
475 311 537 364 fit
572 312 655 365 uti
689 313 960 382 propellat
995 319 1246 384 tempore
1281 316 1498 383 ferrum,

202 391 363 457 parte
398 387 547 456 quod
581 406 650 443 ex
684 407 794 443 una
830 392 1065 460 spatium
1101 396 1260 446 vacat
1295 398 1353 447 et
1389 395 1538 464 capit
1570 396 1626 467 in
1661 412 1737 449 se.
1820 408 1928 450 1000

102 464 304 531 10301ιί0,
340 463 445 518 tibi
480 483 644 534 quem
679 484 934 535 memoro,
969 484 1071 536 per
1104 470 1301 524 erebra
1334 471 1601 525 foramina
1635 472 1767 525 ferri

202 558 399 611 parvas
433 542 508 596 ad
541 544 715 613 partis
753 544 1031 599 subtiliter
1065 545 1370 601 insinuatus

203 620 382 674 trudit
417 623 475 674 et
509 620 738 690 inpellit,
778 623 935 690 quasi
969 637 1165 676 navem
1199 625 1428 694 velaque
1462 627 1674 679 ventus.

104 710 190 744 10³4
206 696 444 765 denique
479 713 568 749 res
602 713 794 752 omnes
831 697 1037 753 debent
1071 700 1128 754 in
1164 717 1392 769 corpore
1426 702 1629 756 habere

203 791 346 842 aera,
384 773 825 843 quandoquidem
861 793 986 830 raro
1022 780 1152 831 sunt
1184 793 1415 847 corpore
1446 782 1509 833 et
1541 794 1639 833 aer
1821 790 1922 832 10:35

205 850 455 905 omnibus
489 854 577 906 est
612 851 778 906 rebus
814 853 1183 908 circumdatus
1216 855 1624 924 adpositasque.

205 927 291 982 hie
326 928 509 997 igitur,
546 929 765 998 penitus
800 931 893 999 qui
926 930 984 984 in
1019 932 1222 986 ferrost
1256 931 1478 985 abditus
1511 949 1624 1001 aer,

206 1005 434 1060 sollicito
470 1009 626 1060 motu
662 1023 878 1075 semper
911 1007 1151 1062 iactatur
1187 1025 1363 1077 eoque

206 1080 464 1136 verberat
499 1084 736 1137 anellum
771 1082 939 1137 dubio
972 1084 1161 1151 procul
1199 1088 1258 1138 et
1292 1085 1403 1139 ciet
1433 1084 1584 1139 intus

208 1159 442 1215 scilieet:
480 1160 573 1213 ille
604 1161 797 1214 eodem
832 1161 1009 1215 fertur
1043 1176 1153 1230 quo
1188 1161 1574 1231 praecipitavit
1710 1169 1717 1198 1
1822 1175 1926 1216 1010

207 1236 314 1289 iam
351 1238 518 1291 semel
556 1240 614 1291 et
647 1240 862 1307 partem
896 1237 954 1291 in
989 1252 1216 1291 vacuam
1251 1236 1532 1291 conamina
1565 1241 1812 1308 sumpsit.
1898 1249 1903 1258 “

281 1313 372 1367 Fit
407 1330 625 1383 quoque
657 1318 724 1368 ut
758 1331 793 1367 a
826 1314 1011 1383 lapide
1045 1313 1148 1367 hoe
1182 1311 1315 1368 ferri
1348 1318 1547 1368 natura
1578 1316 1808 1369 recedat

206 1388 502 1459 interdum,
537 1392 740 1461 fugere
764 1394 929 1460 atque
966 1391 1116 1459 sequi
1154 1395 1413 1445 consueta
1444 1391 1694 1446 vicissim.

210 1468 461 1522 exultare
498 1469 667 1522 etiam
704 1468 1078 1523 Samothracia
1110 1468 1292 1522 ferrea
1326 1468 1439 1522 vidi

209 1548 269 1598 et
305 1547 554 1598 ramenta
589 1545 749 1598 simul
783 1545 914 1598 ferri
949 1544 1131 1599 furere
1167 1545 1315 1598 intus
1349 1544 1536 1599 ahenis
1823 1560 1923 1601 101⁵

208 1622 265 1675 in
301 1620 549 1690 scaphiis,
582 1621 723 1691 lapis
756 1620 846 1675 hie
882 1621 1111 1689 Magnes
1145 1639 1270 1677 eum
1307 1621 1560 1675 subditus
1593 1626 1767 1678 esset:

210 1715 382 1768 usque
416 1698 556 1752 adeo
592 1699 783 1766 fugere
817 1697 887 1751 ab
924 1715 1054 1753 saxo
1088 1698 1296 1767 gestire
1331 1697 1567 1753 videtur.

208 1792 338 1829 aere
372 1775 693 1844 interposito
707 1826 714 1830 .
730 1775 1004 1831 discordia
1037 1778 1197 1830 tanta
1231 1778 1450 1830 creatur

211 1855 508 1922 propterea
543 1852 671 1922 quia
705 1852 960 1906 nimirum
996 1853 1148 1922 prius
1183 1855 1370 1913 aestus
1404 1850 1500 1904 ubi
1535 1851 1678 1905 aeris

212 1929 493 1999 praecepit
527 1929 770 1998 ferrique
804 1929 919 1983 vias
954 1928 1203 1998 possedit
1238 1925 1472 1998 apertaS,
1829 1942 1926 1982 1050

212 2006 486 2075 posterior
520 2006 719 2076 lapidis
752 2005 904 2060 venit
939 2010 1123 2060 aestus
1159 2009 1219 2059 et
1254 2005 1434 2059 omnia
1467 2005 1629 2075 plena

210 2083 419 2137 invenit
454 2082 511 2136 in
546 2083 706 2136 forro.
727 2099 906 2151 neque
942 2082 1110 2137 habet
1147 2100 1256 2151 qua
1290 2085 1476 2136 tranet
1510 2085 1574 2137 ut
1609 2085 1753 2136 ante.
1807 2103 1811 2108 ·

209 2160 429 2229 cogitur
465 2160 728 2216 offensare
762 2159 931 2228 igitur
964 2160 1291 2229 pulsareque
1326 2158 1499 2213 fluctu

211 2234 393 2290 ferrea
427 2240 586 2291 texta
620 2254 746 2302 suo;
784 2254 891 2303 quo
926 2240 1090 2306 paeto
1125 2235 1340 2305 respuit
1369 2235 1444 2289 ab
1482 2252 1542 2289 se

213 2316 381 2381 atque
403 2330 505 2381 per
526 2330 621 2367 aes
644 2314 834 2380 agitat,
860 2313 977 2367 sine
990 2330 1065 2367 ‘eo
1090 2312 1240 2382 quod
1266 2329 1429 2380 saepe
1452 2312 1715 2365 resorbet.
1829 2326 1926 2365 1055

287 2390 438 2444 Illud
469 2390 528 2442 in
564 2388 649 2443 his
684 2388 850 2442 rebus
885 2390 1073 2443 mirari
1108 2389 1286 2457 mitte,
1322 2389 1473 2458 quod
1510 2391 1695 2441 aestus

214 2482 322 2520 non
358 2466 505 2520 valet
541 2483 572 2520 0
604 2464 788 2534 lapide
822 2465 927 2519 hoe
960 2466 1094 2520 alias
1129 2465 1414 2534 impellere
1449 2465 1585 2518 item
1602 2479 1605 2482 ¹
1620 2481 1724 2518 res.

213 2543 459 2611 pondere
485 2543 629 2598 enim
653 2543 829 2596 fretae
852 2543 1056 2613 partim
1077 2545 1232 2597 stant
1249 2562 1263 2608 ;
1281 2542 1436 2611 quod
1456 2554 1628 2609 genus
1650 2557 1841 2594 aurum
1860 2561 1875 2606 3

216 2624 276 2674 et
310 2621 511 2690 partim
548 2638 674 2675 raro
709 2621 837 2690 quia
872 2623 1001 2674 sunt
1037 2636 1162 2674 eum
1200 2634 1442 2687 corpore,
1478 2621 1541 2671 ut
1581 2621 1766 2671 aestus

216 2698 465 2766 pervolet
495 2700 751 2764 intactus,
788 2700 1071 2766 nequeunt
1104 2695 1357 2765 inpellier
1389 2710 1651 2762 usquam3
1729 2711 1734 2717 ·
1834 2707 1929 2747 1000

215 2774 397 2842 lignea
429 2776 689 2829 materies
722 2775 780 2828 in
813 2791 925 2842 quo
959 2789 1162 2842 genere
1197 2788 1320 2826 esse
1352 2770 1590 2824 videtur.

214 2852 598 2921 interutraque
632 2851 805 2920 igitur
837 2851 971 2904 ferri
1004 2852 1204 2903 natura
1236 2847 1414 2902 locata

217 2927 361 2980 aeris
393 2927 491 2980 ubi
524 2928 737 2996 aceepit
768 2927 1042 2994 quaedam
1072 2924 1415 3011 corpuscula,
1450 2925 1569 2976 tum
1606 2924 1686 2989 fit,

217 3001 484 3070 inpellant
518 3005 582 3056 ut
616 3019 738 3056 eam
774 3002 1057 3069 Magnesia
1092 2999 1316 3056 flumine
1352 3015 1531 3052 saxa..

217 3093 318 3131 nee
351 3081 537 3131 tamen
571 3076 705 3131 haec
738 3079 820 3131 ita
855 3081 980 3130 sunt
1017 3077 1244 3129 aliarum
1279 3091 1465 3128 rerum
1499 3073 1687 3139 aliena,
1833 3088 1929 3129 1000

219 3155 283 3205 ut
316 3152 448 3205 mihi
483 3152 657 3206 multa
689 3168 883 3220 parum
917 3168 1120 3219 genere
1157 3167 1223 3205 ex
1261 3151 1363 3203 hoe
1397 3149 1825 3219 suppeditentur
1954 3159 1962 3167 “
