2259 3442
1123 118 1235 156 XXV

331 237 675 292 animantis.
746 254 872 292 nam
903 238 973 291 in>
994 238 1258 307 singulari
1295 255 1524 293 numero
1547 239 1727 294 utitur
1751 240 2043 297 Lucretius

334 321 612 376 adiectivo
636 321 926 390 animalia,
951 322 1296 377 substantivo
1318 324 1547 378 animal
1568 340 1675 378 non
1698 325 1888 379 utitur.

441 412 538 467 741
576 426 678 478 pro
715 408 980 464 librorum
1027 425 1163 471 nom
1210 425 1393 471 Amne
1433 425 1675 465 nonnus
1718 425 1854 464 casn
1890 410 2039 465 nolui

331 513 460 551 cum
485 496 831 551 Lachmanno
854 498 987 566 equi
1008 514 1145 551 casu
1167 503 1334 566 atque
1356 497 1611 552 hominis
1634 497 1890 552 scribere.

443 584 540 639 761
590 597 691 649 pro
733 596 981 636 annm-m
1027 596 1161 636 vm
1208 582 1414 651 optime
1454 582 1783 653 Bernaysius
1820 582 2040 638 rellicta

332 667 467 721 vita.
537 667 687 722 idem
709 671 839 722 ante
864 685 989 722 eum
1013 669 1307 724 coniecisse
1331 670 1554 725 videtur
1580 671 1653 725 Is.
1675 669 1918 737 Vossius,
1943 669 2037 739 qui

331 753 389 807 in
435 755 681 823 margine
724 756 1050 824 exemplaris
1099 757 1231 812 edit.
1272 758 1453 827 Fabri,
1498 758 1648 828 quod
1695 775 1869 828 nuper
1915 774 2037 811 meo

330 856 460 893 aere
481 840 684 909 paravi,
708 830 1177 912 haec'adsctipsit,
1205 843 1219 869 ‘
1234 842 1455 898 Relicta
1479 844 1600 897 vita
1635 843 1820 897 malim
1851 846 2037 897 tamen

335 925 578 979 Reddita
618 925 801 980 media
845 926 1117 995 producta
1158 931 1224 982 ut
1262 928 1588 984 Salmasius’.
1659 928 2037 982 Lachmannus

331 1009 580 1063 Reddita
599 1027 710 1078 pro
735 1012 868 1066 vita.

437 1098 536 1153 783
560 1112 661 1165 pro
684 1112 917 1151 mnam
954 1113 1186 1165 conms'r
1223 1099 1415 1167 scripsi
1441 1105 1646 1153 terrast
1669 1099 1846 1153 cordi.
1919 1115 2033 1154 sae-

330 1182 553 1250 pissime
576 1182 926 1238 membranae
949 1184 1051 1238 hoc
1071 1191 1123 1239 st
1147 1185 1323 1239 alieno
1346 1201 1536 1238 versus
1558 1185 1677 1238 loco
1699 1186 1923 1253 ponunt.

437 1271 551 1325 795.
628 1256 869 1323 Frustra¹
896 1269 999 1324 hoc
1031 1269 1316 1324 contendit
1340 1270 1735 1340 Lachmannus‚
1759 1270 1817 1323 in
1849 1270 2033 1325 verbis

331 1360 576 1422 tempore
604 1360 667 1410 ἰη
691 1372 808 1410 uno
829 1356 1110 1424 Tempora
1135 1357 1317 1411 multa
1340 1356 1528 1425 latent,
1550 1357 1701 1412 ratio
1726 1374 1869 1426 quae
1890 1374 2034 1412 com-

328 1441 482 1507 perit
502 1458 622 1516 „esso
657 1442 988 1496 sententiam
1023 1441 1327 1511 perfectam
1353 1447 1413 1497 et
1435 1442 1740 1498 absolutam
1770 1442 2033 1497 concludi.

328 1544 454 1582 nam
489 1529 830 1598 ineptissime
864 1529 1000 1584 haec
1033 1530 1364 1597 dicerentur,
1388 1531 1495 1584 nisi
1528 1538 1772 1599 tempore
1809 1531 1878 1584 in
1915 1547 2032 1605 unx-o

327 1614 635 1669 accuratius
667 1615 1007 1671 definiretur.
1082 1631 1254 1684 quare
1285 1619 1383 1674 775
1422 1616 1641 1684 scripsit
1675 1618 1840 1684 pocta
1863 1615 2034 1670 sensi-

234 1716 271 1733 ⁶
328 1705 746 1772 bili...tempore
782 1706 849 1758 in
883 1721 1014 1760 uno.
1085 1722 1310 1774 prorsus
1345 1705 1493 1763 idem
1520 1705 1578 1759 iu
1601 1721 1763 1758 versu
1789 1707 1888 1761 795
1911 1704 2031 1773 plu-

329 1790 479 1845 ribus
518 1789 701 1844 verbis
742 1791 936 1846 effecit.
1007 1808 1137 1845 nam
1172 1795 1432 1861 corrupta
1466 1792 1602 1846 haec
1629 1790 2031 1845 Coxsnnmmus

329 1893 388 1930 ιι)
426 1891 525 1930 nsi·
562 1891 679 1930 cun
719 1892 830 1930 vox
865 1892 1179 1932 nmm'rtm
1214 1891 1331 1930 UNA
1359 1877 1437 1929 sic
1466 1876 1666 1931 leniter
1689 1874 2032 1929 emendanda

327 1968 458 2019 sunt
490 1966 638 2021 Cum
684 1966 961 2021 sentimus
1007 1967 1086 2033 id,
1124 1972 1175 2020 ec
1221 1981 1352 2019 cum
1398 1981 1502 2018 vox
1554 1962 1844 2017 emittitur
1893 1979 2030 2017 una.

327 2048 659 2103 Lachmanni
693 2049 963 2104 rationem
1003 2049 1324 2116 intellegere
1361 2064 1469 2101 non
1506 2062 1742 2116 possum,
1780 2045 1876 2114 qui
1909 2062 2030 2099 ver-

327 2149 448 2186 sum
485 2134 563 2188 sic
598 2136 874 2188 mutatum
901 2134 1067 2198 Quod
1101 2133 1378 2187 sentimus
1408 2131 1476 2185 id
1495 2136 1587 2198 est,
1613 2146 1655 2183 o.
1680 2147 1729 2183 υ.
1751 2145 1793 2184 e.
1818 2146 1875 2183 u.
1899 2132 2029 2183 ante

329 2219 428 2274 783
452 2219 730 2274 transfert.

429 2307 531 2356 823
554 2318 655 2371 pro
679 2316 873 2356 mnssn
897 2302 1263 2370 scribendum,
1281 2301 1385 2355 nisi
1399 2299 1572 2369 fallor,
1590 2298 1810 2353 aves-sis.
1825 2297 2029 2366 pagina

323 2388 603 2458 archetypi
631 2393 745 2456 171,
771 2406 912 2459 quae
935 2389 1043 2445 fuit
1070 2390 1128 2443 in
1159 2391 1359 2444 dextra
1390 2387 1626 2443 schedae
1653 2389 1829 2455 parte,
1862 2385 2028 2439 desiit

323 2476 379 2529 in
412 2491 576 2528 versu
603 2478 718 2532 827.
762 2490 892 2528 casu
914 2474 1095 2543 aliquo
1126 2477 1244 2528 tres
1277 2476 1559 2528 extremae
1586 2471 1809 2525 litterae
1833 2486 2027 2524 versus

324 2565 426 2615 826
450 2576 596 2627 mus,
622 2563 679 2613 et
704 2562 953 2614 extrema
975 2560 1138 2614 huius
1155 2575 1346 2614 versus
1370 2564 1470 2614 823
1494 2575 1522 2611 s
1544 2557 1844 2626 perierunt.
1874 2555 2028 2609 dein-

323 2646 396 2699 de
419 2661 490 2698 ex
513 2660 658 2712 quea
680 2643 839 2698 facile
863 2647 1046 2698 ortum
1072 2647 1159 2699 est
1183 2644 1297 2711 via,
1321 2659 1391 2697 ex
1415 2642 1594 2697 aveas-i
1618 2643 1806 2694 autem
1832 2638 2024 2693 inesse.

428 2736 545 2798 836,
586 2736 727 2783 nata
761 2747 884 2784 cum
914 2733 1106 2799 aptum
1150 2745 1367 2783 sensum
1402 2725 1683 2797 praebeat,
1715 2723 1863 2777 nolui
1900 2740 2025 2778 cum

325 2815 671 2871 Lachmanno
693 2823 899 2869 natam
923 2814 1177 2870 scribere.

425 2910 529 2959 862
552 2921 670 2973 sqq.
690 2901 935 2956 oratione
953 2901 1147 2955 melius
1172 2900 1446 2968 distincta,
1461 2896 1642 2952 omnia
1658 2895 1821 2964 plana
1845 2900 2021 2951 erunt.

319 2990 508 3058 itaque
533 2990 629 3042 fini
660 3004 851 3042 versus
889 2992 992 3043 864
1026 2985 1214 3039 incisio
1251 2987 1481 3049 tantum,
1515 2998 1624 3036 non
1658 2980 1820 3050 plena
1853 2980 2022 3033 inter-

268 3069 290 3086 '
320 3075 542 3143 punctio
568 3074 886 3129 subicienda
910 3077 1011 3127 est.
1053 3072 1156 3126 hoc
1184 3087 1293 3125 non
1324 3070 1617 3134 intellecto,
1641 3066 2021 3120 Lachmannus

322 3163 509 3273 8633et
532 3165 635 3215 864
659 3157 1010 3226 transposuit.
