2259 3442
247 105 362 164 120
1025 102 1172 159 IIII

236 226 363 264 nam
398 210 592 263 mulier
626 209 879 278 prohibet
914 223 974 267 se
1009 205 1297 274 concipere
1331 213 1499 275 atque
1535 211 1822 276 repugnat,

237 285 488 340 clunibus
522 286 641 354 ipsa
677 287 777 339 viri
816 285 1089 338 Venerem
1126 282 1170 335 si
1209 282 1353 335 laeta
1386 286 1652 336 retractat
1857 298 1956 338 1270

237 365 407 431 atque
444 371 696 415 exossato
732 364 843 415 ciet
875 359 1025 413 omni
1061 363 1287 428 pectore
1322 358 1551 424 fluctus;

236 438 366 492 eicit
402 438 548 492 enim
586 438 792 491 sulcum
830 439 981 490 recta
1017 435 1239 503 regione
1274 435 1471 504 viaque

235 515 467 569 vomeris
503 517 671 582 atquc
710 513 840 566 locis
876 512 1079 566 avertit
1115 512 1338 565 seminis
1372 514 1557 566 ictum.

235 591 405 660 idque
440 607 539 644 sua
573 606 735 643 causa
770 592 1100 642 consuerunt
1138 591 1319 641 scorta
1353 587 1574 655 moveri,

235 683 308 721 nc
343 667 746 734 complerentur
781 665 977 719 crebro
1011 664 1382 732 gravidaeque
1416 664 1659 737 iacerent
1865 680 1960 720 1255

236 750 296 796 et
330 742 491 795 simul
525 742 644 810 ipsa
678 741 811 795 viris
847 741 1034 795 Venus
1070 744 1132 794 ut
1169 740 1478 795 concinnior
1513 744 1689 805 esset3

236 818 557 886 coniugibus
594 818 744 886 quod
778 817 852 871 nil
889 819 1090 871 nostris
1126 834 1264 886 opus
1307 833 1428 871 esse
1463 818 1696 871 videtur.

306 895 424 950 Nec
460 895 722 949 divinitus
759 894 1036 948 interdum
1079 894 1426 963 Venerisque
1462 893 1679 963 sagittis

236 971 511 1026 deteriore
547 971 612 1025 fit
646 975 710 1024 ut
744 971 919 1025 forma
955 971 1275 1026 muliercula
1309 974 1538 1025 ametur.

237 1065 362 1102 nam
397 1049 527 1103 facit
563 1048 681 1118 ipsa
718 1049 829 1103 suis
865 1048 1144 1102 interdum
1182 1047 1381 1102 femina
1414 1048 1573 1102 factis
1861 1062 1958 1101 1280

235 1125 628 1194 morigerisque
664 1126 841 1179 modis
877 1129 937 1179 et
972 1125 1177 1180 munde
1216 1141 1442 1195 corpore
1477 1125 1641 1192 culto,

238 1204 302 1253 ut
334 1200 492 1256 facile
526 1203 802 1256 insuescat
838 1208 889 1256 te
925 1219 1108 1257 secum
1147 1202 1350 1270 degere
1384 1201 1569 1255 vitam.

237 1279 388 1346 quod
424 1284 689 1349 superest,
726 1280 1064 1334 consuetudo
1099 1279 1388 1332 concinnat
1422 1294 1692 1342 amorem3

239 1371 364 1409 nam
398 1357 595 1411 leviter
629 1361 873 1426 quamvis
909 1357 1056 1427 quod
1092 1357 1287 1411 crebro
1322 1356 1577 1410 tunditur
1609 1355 1741 1422 ictu,

239 1431 477 1486 vincitur
509 1433 564 1486 in
601 1435 761 1500 longo
797 1435 972 1503 spatio
1007 1437 1191 1487 tamen
1227 1438 1395 1501 atquo
1429 1431 1670 1486 labascit.
1854 1444 1951 1483 1285

238 1523 415 1561 nonne
450 1509 604 1562 vides
639 1510 807 1562 etiam
843 1512 1029 1576 guttas
1064 1511 1118 1563 in
1156 1526 1287 1562 saxa
1321 1509 1587 1561 cadentis

238 1583 443 1637 umoris
476 1584 636 1654 longo
670 1585 728 1639 in
764 1585 940 1655 spatio
974 1584 1308 1653 pertundere
1345 1585 1507 1638 saxa?
