2259 3442
134 1844 147 1852 .
223 1779 362 1833 trita
399 1782 528 1836 solo.
565 1782 722 1838 iuvat
754 1785 998 1855 integros
1033 1788 1298 1843 accedere
1332 1789 1501 1844 fontis

227 93 304 151 24
1059 90 1092 146 Ι

219 194 551 248 conficerent
586 192 745 261 volgo
781 192 960 257 silvas,
996 189 1225 245 arbusta
1259 194 1587 247 cremarent.
2226 184 2259 235 4

217 271 402 324 iamne
436 270 590 324 vides
614 270 810 337 igitur,
843 267 1007 336 paulo
1045 266 1197 335 quod
1232 266 1471 322 diximus
1505 271 1655 335 ante,

219 347 510 415 permagni
544 347 752 400 referre
787 344 982 398 eadem
1017 342 1318 413 primordia
1351 361 1518 414 saepe

220 440 347 477 cum
383 423 582 493 quibus
617 426 677 476 et
711 421 860 489 quali
896 421 1145 490 positura
1177 420 1565 476 contineantur

219 503 278 553 et
314 515 451 567 quos
486 498 632 551 inter
667 513 727 550 se
763 495 899 550 dent
934 501 1136 551 motus·
1152 497 1546 566 accipiantque,
1863 514 1944 552 sio

219 577 391 643 atque
426 573 618 626 eadem
655 572 817 641 paulo
851 573 999 626 inter
1033 589 1093 627 se
1126 576 1343 629 mutata
1375 589 1566 628 creare

219 650 375 716 ignes
411 652 470 702 et
505 649 747 717 lignum?
784 664 892 717 quo
927 652 1090 718 pacto
1126 648 1297 703 verba
1331 666 1551 719 quoque
1585 649 1705 718 ipsa

219 724 365 779 inter
403 741 462 779 se
497 725 658 794 paulo
696 724 924 778 mutatis
959 730 1089 780 sunt
1124 726 1426 794 elementiS,

221 817 344 854 cum
380 800 528 869 ligna
563 805 729 870 atque
765 802 919 869 ignes
956 801 1218 856 distincta
1251 819 1385 861 voce
1419 806 1688 856 notemus.

222 876 459 945 denique
494 878 600 931 iam
638 895 1012 947 quaecumque
1046 879 1104 933 in
1139 879 1306 934 rebus
1341 879 1519 934 cernis
1552 878 1762 947 apertis
1863 891 1939 930 91⁵

222 953 269 1005 si
305 953 424 1006 fieri
460 970 568 1007 non
604 970 763 1022 posse
798 958 976 1023 putas,
1015 956 1146 1023 quin
1182 956 1434 1010 materiai

221 1045 453 1100 corpora
486 1031 752 1086 consimili
788 1035 984 1085 natura
1018 1028 1274 1100 praedita
1309 1032 1498 1099 fingaa

222 1104 326 1160 hae
360 1108 573 1164 ratione
607 1109 710 1164 tibi
746 1113 981 1179 pereunt
1015 1107 1318 1177 primordia
1352 1123 1564 1161 rerum:

225 1182 325 1237 fiet
362 1183 443 1237 uti
479 1186 593 1239 risu
628 1186 866 1241 tremulo
900 1201 1162 1239 concussa
1196 1183 1522 1239 cachinnent

223 1260 283 1311 et
318 1258 557 1313 lacrimis
594 1261 750 1314 salsis
784 1265 1067 1315 umectent
1101 1279 1200 1315 ora
1232 1276 1526 1328 genasque.
1866 1271 1943 1311 92⁰

295 1332 347 1383 N
352 1350 457 1387 unc
490 1351 593 1401 age
628 1335 780 1404 quod
816 1340 1068 1403 superest
1103 1353 1369 1404 cognosce
1406 1340 1466 1390 et
1501 1333 1700 1388 clarius
1734 1333 1880 1388 audi.

222 1421 324 1458 nee
359 1423 449 1460 me
484 1409 651 1461 animi
685 1409 828 1462 fallit
862 1427 1028 1478 quam
1063 1412 1178 1465 sint
1212 1410 1471 1477 obscura3
1507 1409 1608 1465 sed
1642 1409 1759 1464 acri

223 1482 496 1545 percussit
531 1483 719 1551 thyrso
754 1483 931 1537 laudis
966 1502 1093 1552 spes
1127 1503 1326 1554 magna
1361 1504 1543 1541 meum
1580 1501 1674 1540 eor

221 1557 282 1606 et
319 1556 479 1609 simul
512 1558 741 1613 incussit
777 1575 996 1614 suavem
1034 1561 1110 1613 mi
1145 1562 1202 1613 in
1237 1556 1431 1631 pectus
1467 1558 1709 1616 amorem

223 1643 518 1697 musarum,
553 1650 662 1700 quo
699 1650 843 1688 nunc
877 1634 1169 1690 instinctus
1203 1641 1391 1692 mente
1426 1637 1635 1706 vigenti
1868 1653 1948 1693 925

158 1706 169 1725 ‘
221 1704 344 1756 avia
384 1705 666 1761 Pieridum
703 1725 936 1778 peragro
972 1710 1091 1764 loca
1124 1712 1330 1767 nullius
1365 1720 1496 1769 ante

221 1856 393 1941 atque
427 1856 663 1928 haurire,
698 1861 957 1932 iuvatque
991 1880 1161 1917 novos
1198 1865 1496 1935 decerpere
1532 1866 1696 1922 flores

220 1941 605 2003 1ns1gnemque
639 1952 762 1990 meo
796 1940 965 2007 capiti
1000 1943 1193 2008 petere
1228 1941 1357 1995 indo
1392 1958 1646 1995 coronam

218 2003 370 2058 unde
405 2008 559 2075 prius
594 2012 729 2065 nulli
764 2014 999 2067 velarint
1034 2018 1287 2083 tempora
1321 2034 1538 2081 musae3
1872 2033 1947 2073 930

219 2077 458 2161 primum
495 2085 645 2150 quod
680 2087 892 2152 magnis
928 2087 1098 2140 doceo
1136 2090 1208 2141 de
1243 2090 1410 2143 rebus
1444 2094 1504 2144 et
1538 2093 1676 2145 artis

221 2148 548 2231 religionum
585 2159 825 2210 animum
862 2160 1022 2213 nodis
1058 2161 1343 2215 exsolvere
1379 2180 1566 2229 pergo,

220 2218 425 2307 demtle
463 2230 613 2294 quod
648 2231 879 2283 obscura
913 2233 986 2286 de
1021 2251 1084 2286 re
1118 2239 1233 2286 tam
1269 2236 1453 2288 lucida
1487 2253 1668 2304 pango

219 2305 475 2372 eat-mma,
512 2317 733 2354 musaeo
768 2306 1092 2371 contingens
1126 2312 1323 2360 cuncta
1359 2308 1559 2377 lepore.

219 2362 278 2413 ld
316 2382 540 2437 quoque
576 2376 720 2426 enim
758 2392 866 2427 non
903 2379 973 2431 ab
1010 2381 1162 2432 nulla
1195 2382 1409 2436 ratione
1446 2384 1694 2452 videtur;
1866 2404 1943 2444 9:35

218 2437 320 2488 sed
357 2443 530 2497 veluti
567 2450 752 2515 pueris
787 2450 1063 2507 absinthia
1098 2459 1282 2510 taetra
1317 2460 1603 2515 medentes

217 2525 342 2564 cum
379 2516 518 2572 dare
553 2527 832 2589 conantur,
870 2527 1025 2593 prius
1060 2546 1184 2585 oras
1219 2535 1416 2601 pocula
1449 2536 1652 2592 circum

218 2588 547 2658 contingunt
583 2599 762 2652 mellis
798 2601 946 2656 dulci
983 2605 1234 2677 flavoque
1270 2596 1498 2680 liquore,

215 2661 278 2710 ut
315 2677 617 2727 puerorum
653 2679 807 2730 aetas
843 2679 1132 2748 inprovida
1166 2685 1484 2744 ludificetur

216 2732 500 2821 lablsorum
537 2752 714 2818 tenuS,
751 2752 967 2810 interea
1001 2767 1264 2832 perpotet
1296 2782 1543 2821 amarum
1868 2785 1946 2827 mo

215 2806 472 2907 absinthi·
496 2821 716 2880 laticem
752 2829 1099 2906 deceptaque
1136 2859 1246 2897 non
1280 2843 1545 2912 capiatur,

216 2882 318 2968 sed
352 2895 545 2955 Potms
579 2903 679 2956 tali
715 2910 879 2974 pacto
914 2921 1168 2972 recreata
1202 2920 1454 2987 valescat,
1899 2974 1906 2977 .

216 2973 294 3045 519
330 2977 438 3049 (ἷὲῡ
473 2987 637 3046 nunc,
676 2985 933 3049 quoniam
967 2991 1107 3049 haec
1142 2998 1286 3052 ratio
1320 2997 1649 3068 plerumque
1684 3000 1910 3056 videtur

216 3037 434 3096 tnstlor
468 3065 593 3108 esse
629 3057 829 3126 quibus
863 3080 975 3121 non
1011 3075 1100 3127 est
1134 3076 1389 3143 tractata,
1424 3079 1686 3145 retroque

100 3184 117 3197 .
215 3108 412 3179 volgus
446 3123 713 3187 abhorret
747 3136 819 3190 ab
855 3139 972 3209 hac,
1011 3150 1158 3204 volui
1192 3152 1295 3206 tibi
1332 3154 1730 3216 suaviloquenti
1871 3173 1947 3212 aas
2195 3138 2259 3253 4

340 3402 459 3415 Ἣ
814 3422 817 3423 f
2249 3300 2258 3420 l
