2259 3442
1015 88 1130 141 xxii

227 222 576 277 scribendum
617 218 1213 275 inclusa...Moenibu’.
1248 219 1476 274 moenia
1515 235 1584 274 ex
1620 218 1811 275 vicinis
1843 222 1933 277 in-

224 309 393 375 clusa,
423 308 572 374 haec,
602 307 848 375 perfusa
882 307 1065 359 ortum
1089 303 1327 359 videtur.
1363 305 1440 360 sic
1471 320 1519 359 11
1550 311 1653 361 458
1682 323 1783 377 pro
1816 325 1932 362 om-

223 394 379 449 nibu'
422 393 547 447 libri
587 406 784 458 ommi,
814 394 873 445 et
904 405 952 444 11
988 396 1088 445 919
1119 405 1470 446 summanus
1500 409 1601 461 pro
1641 392 1931 449 animalia

222 482 343 535 sint
364 481 586 534 habent.

327 572 388 620 91
452 563 755 619 rectissime
781 561 1079 616 Lambinus
1101 567 1229 632 post
1252 577 1527 617 mrsnsffl
1550 563 1770 618 addidit
1791 580 1833 619 e.
1858 571 1927 621 92

219 651 370 706 idem
384 651 730 704 intrinsecus
745 665 846 717 pro
871 664 1262 704 nxmnmsncus,
1286 654 1479 704 contra
1500 650 1558 704 in
1580 666 1642 704 vl
1669 657 1800 706 1099
1824 668 1927 721 pro

218 737 564 791 extrinsecus
601 736 865 805 oblongus
905 750 1283 791 mmmsncns.
1332 742 1399 791 94
1437 736 1739 804 quadratus
1776 742 1927 793 recte

219 837 445 889 coeam,
469 822 571 874 hoc
596 824 681 876 est
713 827 941 876 coortae.
978 819 1244 888 oblongus
1274 827 1471 875 coorta.
1547 820 1926 876 Lachmannus

220 914 283 963 91
311 909 525 975 diffusa
547 925 590 977 e,
617 913 683 962 92
707 906 1043 962 extrinsecu'
1070 911 1224 975 torte,
1261 912 1328 961 94
1352 914 1552 962 coorta.

322 1001 416 1049 101
468 1011 569 1064 pro
594 1009 668 1048 Ex
700 1007 1037 1047 mac-mus
1062 992 1255 1061 scripsi
1278 992 1536 1061 Raima,
1556 994 1925 1062 imaginibus.

216 1080 341 1134 ima
364 1080 568 1134 iterare
590 1077 834 1148 neglexit
856 1075 1123 1131 librarius.
1200 1075 1577 1131 Lachmannus
1601 1078 1810 1133 Excita
1834 1080 1873 1135 i.
1959 1096 1970 1105 ·

325 1172 422 1220 104
490 1182 591 1234 pro
633 1179 951 1218 sommum
995 1177 1423 1224 mssmunsetm
1466 1164 1660 1234 scripsi
1686 1165 1923 1231 formae

216 1268 416 1306 rerum
452 1251 784 1321 similesque.
848 1250 914 1304 cf.
951 1267 1072 1305 ann.
1103 1250 1233 1320 phil.
1263 1250 1421 1304 Cant.
1457 1265 1480 1303 1
1517 1268 1568 1320 p.
1595 1256 1678 1305 43.
1714 1251 1922 1306 scilicet

213 1335 466 1389 librarius
511 1336 567 1388 in
614 1335 837 1390 vocibus
856 1337 1294 1400 formaererum
1350 1334 1568 1390 litteras
1627 1353 1693 1390 er
1750 1337 1919 1391 semel

216 1420 444 1488 scripsit.
473 1419 688 1487 deinde,
713 1424 778 1474 ut
811 1436 1028 1474 versum
1062 1419 1329 1489 expleret,
1353 1421 1543 1490 inepte
1576 1439 1678 1492 pro
1704 1422 1919 1478 similes

215 1505 374 1559 dedit
397 1503 714 1557 dissimiles,
733 1504 881 1557 idem
904 1506 1035 1558 ante
1057 1520 1164 1572 me,
1187 1507 1252 1558 ut
1273 1521 1450 1573 nuper
1483 1505 1667 1575 didici,
1690 1506 1920 1562 coniecit

217 1592 289 1647 Η.
316 1592 673 1647 PurmannuS.
740 1590 906 1644 Lach.
924 1592 1272 1669 ,formamcm
1296 1590 1412 1645 illis
1433 1592 1760 1660 similesque.

319 1679 451 1733 Post
479 1683 575 1732 126
601 1677 868 1731 excidisse
900 1692 1090 1730 versus
1115 1682 1183 1730 25
1216 1679 1276 1730 et
1304 1694 1472 1730 unum
1505 1677 1728 1732 titulum
1757 1677 1919 1734 docet

215 1763 606 1831 LachmannuS,
634 1762 691 1816 in
715 1779 946 1832 quorum
970 1778 1198 1816 numero
1229 1762 1464 1817 affirmat
1486 1763 1585 1818 hos
1607 1764 1790 1832 fuisse,
1816 1765 1920 1832 qui

199 1849 460 1913 fulmine
486 1848 642 1903 claro
682 1847 898 1902 Omnia
926 1864 1039 1917 per
1066 1848 1286 1902 sonitus
1316 1857 1483 1916 arcet,
1508 1857 1726 1905 terram
1754 1868 1918 1906 mre

211 1937 442 2005 caelum,
469 1936 563 2006 qui
587 1936 717 1990 mihi
740 1953 811 1990 ne
835 1934 1151 1989 Lucretiani
1174 1934 1397 2003 quidem
1422 1952 1543 1991 esse
1565 1937 1834 1992 videntur.

319 2027 415 2082 147
451 2027 508 2079 et
544 2029 642 2077 152
670 2040 771 2094 pro
812 2021 1152 2092 ineptissimo
1188 2036 1408 2076 VESTEM
1446 2024 1747 2078 necessario
1790 2023 1918 2078 scri-

213 2109 461 2173 bendum
515 2127 641 2165 cum
696 2109 814 2164 viro
864 2108 1100 2178 quodam
1146 2108 1309 2162 docto
1365 2107 1774 2176 Oppenriedero
1833 2109 1917 2163 ci-

212 2204 386 2250 trum.
422 2196 488 2250 cf.
513 2202 629 2251 602.

318 2286 414 2339 167
486 2297 590 2335 mis
620 2295 701 2334 1131
739 2279 1086 2334 scribendum
1116 2295 1242 2332 cum
1278 2278 1512 2348 oblongo
1553 2282 1613 2334 et
1656 2280 1816 2335 Italis
1857 2285 1916 2338 et

210 2368 447 2436 antiquis
494 2366 814 2421 editoribus.
899 2367 1281 2421 Lachmannus
1339 2382 1430 2420 res
1477 2366 1588 2421 sibi
1633 2383 1759 2421 cum
1800 2367 1916 2422 solo

211 2454 493 2523 quadrato,
557 2470 647 2508 res
669 2453 774 2516 hic,
795 2457 861 2508 ut
885 2461 1003 2523 235,
1028 2455 1180 2525 ipsae
1205 2458 1333 2508 sunt
1355 2455 1634 2524 imagines.

317 2543 414 2597 179
483 2555 591 2592 non
614 2542 766 2593 recte
790 2539 1016 2594 collocat
1041 2539 1422 2594 Lachmannus
1445 2546 1574 2612 post
1602 2545 1715 2609 175,
1731 2546 1789 2598 et
1812 2558 1915 2614 pro

208 2643 414 2682 mmmm
437 2626 628 2681 scribit
652 2626 856 2680 tendat.
894 2625 1179 2697 aptissime
1204 2643 1301 2680 suo
1324 2626 1441 2682 loco
1466 2629 1669 2697 legitur
1692 2646 1882 2684 versus
1906 2650 1918 2693 ;

210 2720 454 2771 ceterum
480 2715 827 2771 scribendum
851 2732 976 2769 cum
1001 2714 1267 2769 Lambino
1294 2717 1548 2771 tendunt.

318 2809 432 2870 189,
487 2803 582 2872 qui
617 2803 673 2857 in
708 2802 863 2856 libris
898 2805 1023 2871 post
1057 2808 1159 2856 203
1202 2802 1420 2872 legitur,
1458 2820 1582 2857 cum
1618 2803 1916 2872 Bernaysio

208 2887 314 2941 huc
338 2888 609 2943 transtuli.
647 2905 749 2959 pro
774 2903 999 2942 GAELUM
1026 2887 1404 2942 Lachmannus
1427 2889 1663 2943 circum.

314 2980 429 3029 213.
505 2975 885 3029 Lachmannus
909 2975 1122 3046 pariter
1156 2974 1246 3029 hic
1280 2978 1448 3045 atque
1479 2975 1536 3029 in
1558 2990 1581 3029 1
1609 2981 1741 3030 1060
1775 2977 1834 3029 et
1856 2989 1916 3027 lv

208 3065 312 3114 418
344 3077 461 3115 rem
499 3061 571 3115 de
603 3077 712 3130 qua
749 3059 931 3128 agitur
965 3076 1074 3114 non
1100 3060 1263 3129 capit.
1298 3059 1541 3129 loquitur
1572 3059 1716 3113 enim
1752 3061 1916 3128 poeta

208 3146 281 3201 de
303 3147 438 3202 falso
461 3148 664 3203 mundo
686 3164 846 3219 quem
874 3148 976 3202 sub
998 3164 1140 3217 aqua
1162 3148 1446 3201 cernimus.
