2259 3442
134 979 201 1012 uo

230 207 523 277 propterea
555 205 623 261 fit
655 205 739 260 uti
774 222 1031 274 magnum
1066 206 1286 272 volgata
1318 220 1421 274 per
1454 220 1644 258 aevom

232 299 390 337 omne
424 299 596 350 genus
632 285 822 336 coetus
857 287 916 335 et
951 283 1132 335 motus
1170 280 1510 349 exptriundo

232 359 457 413 tandem
494 359 815 411 conveniant
852 374 917 410 ca
953 373 1091 425 quae
1127 360 1387 410 convecta
1421 362 1653 426 repente

227 451 552 504 magnarum
588 451 771 488 rerum
806 435 945 487 fiunt
981 433 1205 487 exordia
1241 451 1418 502 saepe,
1861 448 1937 488 430

231 512 399 566 terrai
436 511 601 564 maris
636 513 696 564 et
729 510 865 564 caeli
900 510 1228 577 generisque
1266 511 1618 566 animantum.

304 588 413 642 Hic
448 603 624 656 neque
660 590 780 640 tum
816 587 946 640 solis
981 590 1104 640 rota
1139 586 1288 640 cerni
1323 586 1527 642 lumine
1561 589 1717 656 largo

230 664 518 718 altivolans
553 666 774 732 poterat
808 680 911 717 nec
945 663 1128 731 magni
1169 663 1351 717 sidera
1384 665 1576 718 mundi

230 757 330 794 ncc
365 755 517 793 mare
552 755 653 792 nec
688 738 899 793 caelum
935 756 1035 793 nec
1072 739 1311 808 denique
1345 744 1496 794 terra
1529 758 1711 811 neque
1744 757 1840 796 aer

228 832 330 869 nec
366 815 559 869 similis
593 814 797 869 nostris
832 814 1000 869 rebus
1036 831 1127 869 res
1163 816 1276 869 ulla
1310 817 1501 886 videri,
1862 832 1935 871 435

229 891 329 945 scd
362 907 502 944 nova
536 893 837 960 tempestas
872 891 1147 960 quaedam
1182 893 1463 962 molesque
1497 898 1686 949 coorta

228 984 389 1021 omne
423 983 598 1035 genus
633 967 706 1022 de
738 968 1034 1038 principiis,
1072 968 1347 1022 discordia
1382 986 1615 1039 quorum
1664 1008 1678 1018 ,

226 1044 515 1098 intervalla
550 1045 666 1098 vias
702 1061 938 1100 conexus
976 1045 1223 1112 pondera
1257 1047 1448 1115 plagas

227 1137 520 1175 concursus
555 1126 736 1174 motus
770 1121 1034 1175 turbabat
1067 1121 1276 1190 proelia
1310 1123 1556 1192 miscens,

225 1200 455 1266 propter
491 1195 764 1250 dissimilis
799 1197 1001 1251 formas
1035 1198 1325 1267 variasque
1359 1199 1562 1267 figuras
1756 1204 1760 1208 “
1860 1213 1935 1252 410

228 1273 380 1342 quod
413 1290 521 1328 non
558 1273 741 1326 omnia
775 1274 852 1327 sic
887 1276 1149 1343 poterant
1183 1274 1469 1330 coniuncta
1502 1292 1725 1330 manere

227 1366 328 1403 nec
363 1354 545 1404 motus
580 1349 727 1403 inter
763 1366 882 1404 sese
918 1350 1053 1403 dare
1088 1352 1471 1406 convenientis.

229 1424 495 1492 diffugere
531 1425 659 1478 inde
694 1425 797 1480 loci
832 1429 1021 1493 partes
1058 1442 1289 1495 coepere
1324 1444 1594 1497 paresque

227 1516 348 1554 cum
386 1500 609 1568 paribus
643 1500 794 1568 iungi
831 1517 922 1554 res
957 1505 1016 1555 et
1052 1501 1361 1557 discludere
1399 1506 1663 1559 mundum

227 1575 582 1644 membraque
618 1576 866 1630 dividere
902 1580 961 1631 et
997 1595 1223 1645 magnas
1261 1579 1550 1648 disponere
1584 1584 1784 1650 parteS,
1856 1596 1930 1634 415

226 1651 328 1705 hoc
363 1654 463 1719 est,
499 1669 533 1705 a
569 1653 731 1718 terris
767 1652 939 1706 altum
977 1670 1262 1709 secernere
1299 1656 1524 1721 caelum,

226 1730 286 1781 et
320 1743 529 1781 sorsum
565 1745 717 1782 mare
751 1729 835 1783 uti
872 1733 1083 1783 secreto
1119 1747 1308 1785 umore
1345 1735 1576 1800 pateret,

226 1820 442 1858 seorsus
477 1804 608 1858 item
647 1805 770 1874 puri
808 1805 1113 1875 secretique
1148 1807 1385 1861 aetheris
1421 1808 1590 1876 ignes,

297 1880 511 1951 Quippe
547 1883 749 1937 etenim
784 1882 1020 1951 primum
1055 1884 1226 1937 terrai
1261 1900 1487 1952 corpora
1522 1902 1788 1955 quaeque,

224 1961 518 2027 propterea
553 1958 702 2027 quod
739 1962 898 2013 erant
931 1960 1120 2027 gravia
1156 1963 1215 2013 et
1247 1960 1527 2029 perplexa,
1565 1961 1780 2016 coibant
1854 1976 1928 2015 450

223 2033 281 2087 in
317 2032 499 2087 medio
535 2038 707 2103 atque
741 2036 879 2089 imas
914 2035 1205 2105 capiebant
1239 2036 1420 2090 omnia
1456 2038 1647 2103 sedes;

223 2127 364 2179 quae
399 2113 604 2179 quanto
640 2112 813 2179 magis
848 2112 995 2165 inter
1030 2129 1090 2165 se
1122 2112 1386 2181 perplexa
1419 2113 1653 2182 coibant,

223 2189 338 2240 tam
373 2186 548 2255 magis
583 2204 904 2256 expressere
939 2205 1005 2243 ea
1040 2206 1183 2257 quae
1219 2205 1372 2243 mare
1406 2190 1591 2244 sidera
1624 2190 1796 2245 solem

221 2263 516 2332 lunamque
550 2263 827 2318 efficerent
862 2267 923 2317 et
955 2265 1140 2332 magni
1175 2266 1387 2319 moenia
1420 2267 1625 2320 mundi.

221 2339 403 2392 omnia
437 2339 580 2391 enim
616 2340 790 2406 magis
825 2339 961 2394 haec
996 2357 1029 2394 e
1063 2340 1274 2395 levibus
1308 2345 1476 2410 atque
1511 2342 1766 2396 rutundis
1851 2358 1925 2397 455

223 2415 520 2469 seminibus
556 2414 839 2484 multoque
875 2416 1163 2470 minoribu'
1202 2422 1332 2472 sunt
1367 2418 1654 2473 elementis

225 2508 389 2560 quam
425 2491 603 2545 tellus.
639 2491 780 2561 ideo,
814 2509 915 2561 per
951 2509 1076 2546 rara
1109 2494 1387 2560 foramina,
1424 2499 1606 2549 terrae

223 2568 474 2637 partibus
509 2585 799 2637 erumpens
833 2569 1043 2638 primus
1078 2587 1139 2624 se
1175 2571 1396 2626 sustulit
1429 2572 1624 2626 aether

223 2645 419 2713 ignifer
454 2647 513 2699 et
548 2645 751 2700 multos
787 2662 969 2700 secum
1005 2646 1141 2700 levis
1178 2646 1406 2702 abstulit
1439 2648 1594 2716 ignis,

224 2737 331 2774 non
367 2722 473 2774 alia
507 2723 667 2790 longe
702 2723 917 2777 ratione
952 2738 1017 2777 ac
1052 2739 1216 2791 saepe
1252 2723 1513 2791 videmus,
1852 2737 1928 2778 4⁶⁰

224 2812 390 2850 aurea.
425 2813 548 2850 cum
584 2799 820 2866 primum
856 2799 1185 2866 gemmantis
1219 2815 1344 2853 rore
1381 2816 1483 2868 per
1516 2799 1717 2853 herbas

223 2871 493 2923 matutina
527 2873 726 2927 rubent
759 2874 960 2927 radiati
995 2873 1201 2926 lumina
1236 2874 1364 2927 solis

224 2944 591 3012 exhalantque
625 2947 774 3001 lacus
809 2949 1064 3002 nebulam
1101 2948 1360 3017 fluviique
1394 2964 1675 3017 perennes,

222 3020 450 3087 ipsaque
484 3023 549 3073 ut
584 3022 863 3078 interdum
900 3026 1065 3078 tellus
1099 3025 1311 3078 fumare
1347 3024 1595 3090 videtur3

222 3095 402 3149 omnia
439 3112 579 3164 quae
616 3114 831 3152 sursum
868 3117 991 3154 cum
1027 3101 1396 3167 conciliantur,
1430 3101 1487 3153 in
1523 3100 1634 3154 alto
1852 3114 1928 3154 ωε

220 3186 445 3238 corpore
481 3177 733 3227 concreto
771 3174 1072 3230 subtexunt
1106 3175 1295 3228 nubila
1327 3175 1553 3229 caelum.
