2259 3442
227 270 231 274 -
292 232 343 284 is
376 246 540 301 porro
576 231 825 300 quamvis
859 231 1065 285 circum
1098 230 1470 287 celerantibus
1502 234 1649 288 auris

292 308 546 375 confluat,
582 307 732 361 haud
764 308 969 376 peterit
1002 311 1191 363 tamen
1225 326 1334 364 uno
1367 313 1620 380 tempore
1653 312 1835 365 tetum

290 385 550 453 compleri
586 383 853 454 spatium;
888 401 1015 439 nam
1050 386 1290 454 primum
1324 400 1601 456 quemque
1635 389 1916 441 necessest

290 465 522 530 occupet
556 461 650 514 ille
683 461 878 528 locum,
913 461 1119 516 deinde
1154 464 1335 517 omnia
1369 464 1766 533 possideantur.
1923 477 2000 518 ³9⁰

292 537 443 606 quod
479 537 526 590 si
559 537 704 591 forte
738 537 950 607 aliquis,
987 555 1112 592 cum
1148 555 1376 609 corpora
1409 536 1713 607 dissiluere,

290 615 412 667 tum
447 616 610 681 putat
643 613 703 668 id
739 613 860 668 fieri
898 614 1027 682 quia
1060 631 1121 669 se
1155 615 1489 670 condenseat
1524 633 1634 683 aer,

291 692 474 755 errat3
504 707 631 744 nam
665 706 894 744 vacuum
930 695 1049 744 tum
1085 691 1153 745 fit
1188 691 1339 760 quod
1372 709 1480 746 non
1514 694 1623 765 fuit
1657 698 1788 749 anto

238 801 244 812 ,
291 767 351 819 et
387 765 633 834 repletur
667 766 803 820 item
840 783 1070 821 vacuum
1107 767 1258 837 quod
1293 768 1544 824 constitit
1578 774 1727 836 ante,

290 857 391 896 nec
427 841 524 895 tali
555 842 771 898 ratione
804 845 990 912 petest
1026 843 1311 922 denseri-er
1344 861 1452 907 aer,
1729 890 1750 908 x
1922 861 1996 902 ses

291 933 407 985 nec,
444 918 490 971 si
522 918 632 972 iam
666 923 869 989 posset,
905 921 1023 973 sine
1059 921 1207 974 inani
1240 925 1441 989 posset,
1477 921 1682 988 opinor,

288 993 406 1063 ipse
442 994 498 1048 in
535 1011 594 1048 se
628 995 853 1049 trahere
888 999 949 1049 et
983 996 1159 1064 partis
1193 996 1501 1050 conducere
1536 997 1591 1048 in
1627 1014 1812 1051 uuum.

366 1070 729 1140 Quapropter,
766 1071 1015 1139 quamvis
1049 1071 1324 1125 causando
1358 1072 1533 1125 multa
1565 1071 1807 1136 moreris,
1855 1047 1894 1101 9

289 1163 414 1202 esse
447 1147 505 1200 in
541 1146 707 1201 rebus
740 1147 902 1200 inane
934 1150 1121 1201 tamen
1155 1147 1367 1200 fateare
1400 1150 1692 1200 necessest.
1761 1178 1834 1186 —-

288 1223 571 1292 multaque
603 1225 894 1290 praeterea
926 1222 1028 1276 tibi
1062 1238 1285 1291 pessum
1318 1222 1794 1276 commemorando
1920 1238 1995 1279 400

287 1302 616 1367 argumenta
651 1298 818 1352 fidem
855 1297 1018 1353 dictis
1052 1298 1355 1354 conradere
1389 1299 1607 1353 nostris.

289 1391 480 1429 verum
515 1375 695 1429 anime
731 1375 865 1430 satis
898 1375 1034 1431 haec
1066 1375 1300 1444 vestigia
1331 1391 1503 1446 parva
1536 1375 1716 1444 sagaci

288 1455 418 1507 sunt
450 1469 553 1522 per
586 1469 728 1522 quae
762 1453 940 1522 pessis
972 1470 1301 1523 cognoscere
1334 1456 1521 1508 cetera
1552 1456 1690 1507 tute.

289 1545 526 1598 namque
559 1547 722 1584 canes
756 1533 822 1584 ut
857 1531 1203 1600 montivagae
1236 1544 1502 1601 persaepe
1537 1528 1673 1602 ferai

289 1606 510 1660 naribus
544 1607 829 1662 inveniunt
862 1608 1097 1661 intectas
1130 1607 1328 1661 fronde
1364 1608 1596 1675 quietes,
1920 1619 1994 1657 405

289 1697 412 1735 cum
448 1684 618 1737 semel
650 1683 974 1737 institerunt
1009 1684 1245 1752 vestigia
1277 1687 1430 1737 certa
1462 1682 1587 1750 viai,

288 1757 368 1812 sic
400 1758 511 1828 ali-d
545 1776 614 1813 ex
649 1759 756 1812 alio
789 1776 892 1828 per
924 1763 984 1813 te
1009 1762 1131 1813 tute
1166 1760 1286 1828 ipse
1319 1758 1510 1813 videre'

287 1833 488 1888 talibus
522 1835 577 1888 in
613 1835 780 1888 rebus
814 1834 1020 1902 poteris
1053 1850 1352 1901 caecasque
1385 1832 1628 1886 latebras

285 1909 560 1964 insinuare
595 1911 771 1963 omnis
807 1914 867 1964 et
900 1926 1094 1964 verum
1127 1908 1452 1978 protrahere
1485 1908 1635 1960 inde.

286 1985 437 2054 quod
470 1986 515 2039 si
549 1985 785 2054 pigraris
817 1984 1107 2054 paulumve
1142 1983 1432 2039 recesseris
1465 1981 1537 2055 ab
1572 1998 1650 2057 re,
1918 1997 1993 2038 410

286 2062 393 2116 hoc
427 2061 532 2116 tibi
566 2061 640 2115 de
674 2060 838 2130 plano
874 2077 1096 2130 possum
1132 2059 1475 2130 promittere,
1512 2057 1767 2114 Memmi:

285 2155 463 2206 usque
497 2138 637 2193 adeo
672 2138 854 2206 largos
888 2138 1117 2192 haustus
1153 2154 1186 2192 e
1219 2135 1449 2191 fontibu'
1488 2134 1700 2202 maguis

285 2214 475 2285 lingua
509 2231 633 2270 meo
670 2215 859 2271 suavis
888 2215 991 2270 diti
1027 2214 1099 2269 de
1135 2218 1359 2286 pectore
1392 2211 1605 2277 fundet,

286 2294 352 2345 ut
386 2308 577 2346 verear
612 2309 683 2347 ne
718 2294 881 2347 tarda
914 2292 1069 2362 prius
1103 2309 1207 2362 per
1240 2290 1487 2346 membra
1523 2291 1775 2344 senectus

285 2372 474 2436 serpat
509 2372 568 2422 et
603 2369 660 2422 in
694 2369 853 2423 nobis
887 2369 1021 2438 vitai
1056 2370 1295 2424 claustra
1328 2368 1583 2434 resolvat,
1918 2381 1991 2421 415

286 2461 454 2513 quam
487 2445 591 2500 tibi
626 2446 698 2499 de
733 2447 925 2515 quavis
958 2463 1067 2500 una
1100 2464 1164 2501 re
1199 2445 1447 2501 versibus
1481 2444 1656 2497 omnis

285 2525 735 2588 argumentorum
772 2522 845 2576 sit
879 2525 1035 2592 copia
1068 2524 1236 2577 missa
1268 2523 1371 2592 per
1405 2520 1568 2574 auris.
2015 2566 2034 2581 ,.

357 2596 470 2651 Sed
505 2613 649 2652 nunc
681 2600 746 2651 ut
781 2602 1028 2667 repetam
1056 2603 1310 2667 coeptum
1346 2600 1639 2669 pertelgere
1676 2594 1854 2662 dictis,
1911 2618 1936 2661 ,χ
1965 2628 1972 2635 ›
2011 2598 2030 2637 :.

285 2673 477 2742 omnis,
513 2677 579 2728 ut
613 2677 717 2743 est,
750 2673 923 2742 igitur
955 2691 1057 2743 per
1092 2692 1153 2729 se
1189 2677 1386 2728 natura
1421 2671 1637 2726 duabus

283 2749 536 2807 constitit
568 2750 626 2804 in
659 2749 856 2817 rebus3
889 2766 1016 2804 nam
1053 2767 1280 2821 corpora
1315 2753 1445 2804 sunt
1479 2750 1540 2802 et
1572 2746 1747 2813 inane,
1918 2760 1991 2799 420

283 2825 419 2881 haec
452 2827 507 2881 in
544 2845 654 2896 quo
689 2829 798 2882 sita
833 2832 964 2882 sunt
998 2831 1058 2883 et
1093 2845 1203 2896 qua
1238 2828 1455 2881 diversa
1488 2826 1794 2878 moventur.

283 2919 482 2972 corpus
516 2905 661 2958 enim
697 2923 800 2975 per
836 2922 896 2958 se
930 2905 1230 2963 communis
1267 2902 1491 2958 dedicat
1523 2916 1644 2955 esse

285 2995 509 3046 sensus3
544 2982 632 3035 cui
668 2982 773 3037 nisi
808 2982 988 3050 prima
1022 2981 1165 3036 fides
1199 2982 1432 3036 fundata
1466 2976 1685 3044 valebit,

287 3055 421 3109 hant
458 3059 566 3111 erit
600 3058 826 3112 occultis
862 3058 934 3113 dc
970 3058 1283 3127 rebusque
1319 3057 1622 3111 referentes

284 3133 608 3188 confirmare
643 3135 810 3188 animi
846 3136 1141 3205 quicquam
1175 3134 1389 3189 ratione
1425 3144 1704 3201 queamus.
1775 3170 1780 3175 .
1918 3138 1991 3177 42⁵

284 3210 406 3264 tum
443 3224 607 3279 porro
642 3210 793 3265 locus
828 3227 892 3266 ac
926 3213 1180 3281 spatium,
1214 3209 1366 3281 qued
1399 3209 1564 3263 inane
1597 3213 1869 3263 vocamus,
