2259 3442
1121 115 1221 172 VI
1868 99 1871 100 *
1905 113 2016 170 163

310 238 383 278 ne
417 221 520 277 tibi
558 221 630 275 sit
664 219 812 275 frudi
845 219 993 288 quod
1028 234 1126 271 nos
1162 217 1375 271 inferne
1411 217 1659 271 videmus

309 316 474 367 quam
500 298 609 351 sint
632 298 746 350 lata
769 296 940 362 magis
965 310 1126 362 quam
1155 309 1369 346 sursmn
1389 297 1643 347 extructa
1659 292 1795 362 quid
1812 294 2020 349 extent.

309 374 707 441 contemplator
742 371 904 438 enim,
939 386 1062 424 cum
1097 368 1378 423 montibus
1415 369 1746 425 adsimulata

309 449 499 503 nubila
533 448 833 518 portabunt
870 447 1018 500 venti
1054 449 1370 501 transversa
1405 463 1506 515 per
1541 463 1718 512 auras,
1949 462 2021 502 190

309 529 407 581 aut
439 526 536 579 ubi
573 542 672 595 per
709 539 932 591 magnos
968 523 1172 577 montis
1209 523 1487 577 cumulata
1521 522 1734 577 videbis

309 603 533 672 insuper
571 618 690 655 esse
724 600 843 653 aliis
878 599 986 652 alia
1020 602 1190 667 atque
1225 615 1462 668 urguere
1498 615 1734 668 superne

308 679 366 741 in
402 678 640 732 statione
674 677 852 730 locata
888 675 1119 744 sepultis
1157 674 1402 743 undique
1418 677 1626 748 ‘ventis

309 758 429 809 tum
464 754 672 824 poteris
707 768 932 821 magnas
969 750 1141 805 moles
1179 767 1507 820 cognoscere
1542 768 1731 806 eorum

309 832 703 902 speluncasque
737 830 889 884 velut
924 829 1072 883 saxis
1105 828 1460 899 pendentibu'
1496 832 1736 884 structas
1952 844 2023 883 195

310 925 547 975 cernere,
585 924 720 975 quas
753 906 905 961 venti
940 923 1064 960 cum
1105 909 1442 976 tempestate
1477 910 1663 960 coorta

310 984 651 1053 conplerunt,
686 999 884 1051 magno
920 982 1278 1050 indignantur
1312 997 1593 1035 murmure
1626 981 1795 1036 clausi

310 1060 546 1113 nubibus
581 1060 638 1113 in
674 1060 960 1127 caveisque
999 1059 1241 1112 ferarum
1277 1074 1428 1112 more
1463 1057 1767 1123 minantur3

310 1154 452 1191 nunc
487 1137 613 1190 hinc
647 1151 790 1189 nunc
826 1135 972 1188 illinc
1009 1134 1266 1188 fremitus
1302 1151 1404 1203 per
1439 1133 1623 1187 nubila
1657 1133 1885 1187 mittunt

310 1216 747 1281 quaerentesque
784 1212 927 1264 viam
963 1210 1169 1263 circum
1203 1213 1495 1264 versantur
1528 1213 1587 1264 et
1622 1209 1765 1278 ignis
1951 1224 2024 1263 200

310 1289 518 1343 semina
552 1287 880 1342 convolvunt
915 1304 944 1342 e
977 1285 1214 1340 nubibus
1249 1290 1417 1355 atque
1451 1287 1532 1340 ita
1565 1289 1768 1354 cogunt

311 1365 485 1419 multa
520 1367 813 1432 rotantque
848 1363 996 1417 cavis
1031 1363 1307 1417 flammam
1341 1362 1652 1417 fornacibus
1686 1362 1852 1431 intus,

253 1505 258 1509 ,
312 1440 485 1496 donec
521 1440 736 1495 divolsa
769 1440 1043 1494 fulserunt
1076 1439 1224 1494 nube
1259 1440 1484 1495 corusci.

385 1519 523 1572 Hac*
543 1517 712 1571 etiam
747 1518 815 1572 fit
847 1517 932 1571 uti
967 1516 1038 1570 de
1070 1532 1238 1570 causa
1271 1515 1488 1570 mobilis
1515 1517 1610 1572 ille

315 1594 534 1649 devolet
567 1594 624 1648 in
661 1596 868 1648 terram
904 1593 1097 1663 liquidi
1135 1593 1284 1646 color
1317 1609 1516 1648 aureus
1549 1593 1708 1662 ignis,
1952 1606 2026 1646 205

316 1673 521 1725 sem’na
558 1670 706 1739 quod
741 1670 915 1724 nubes
947 1670 1096 1738 ipsas
1135 1670 1407 1738 permulta
1442 1673 1724 1725 necessust

313 1748 453 1814 iguis
488 1747 722 1811 habere;
759 1746 963 1800 etenim
995 1762 1120 1799 cum
1159 1749 1288 1799 sunt
1321 1761 1512 1800 umore
1549 1747 1665 1801 sine
1700 1745 1828 1810 ullo,

315 1824 599 1877 flammeus
632 1827 721 1875 est
754 1821 1075 1889 plerumque
1111 1821 1258 1874 colos
1292 1823 1352 1875 ct
1388 1821 1708 1889 splendidus
1743 1822 1881 1875 ollis.

314 1900 445 1969 quin
481 1900 647 1953 etiam
684 1897 813 1951 solis
849 1897 920 1951 de
953 1896 1160 1949 lumine
1195 1896 1370 1950 multa
1403 1902 1681 1952 necessest

314 1977 613 2045 concipere,
648 1977 714 2028 ut
748 1973 945 2028 merito
983 1972 1219 2027 rubeant
1254 1973 1518 2041 ignesque
1552 1973 1904 2042 profundant.
1954 1988 2028 2027 210

315 2050 475 2104 hasce
512 2052 679 2119 igitur
713 2067 837 2104 cum
871 2053 1069 2104 ventus
1108 2066 1278 2117 agens
1313 2049 1586 2103 contrusit
1618 2050 1675 2102 in
1709 2066 1877 2102 unum

316 2128 751 2197 compressitque
785 2127 962 2180 locum
1000 2142 1214 2195 cogens,
1253 2142 1513 2195 expressa
1549 2126 1892 2195 profundunt

318 2204 525 2255 semina
558 2220 698 2271 quae
732 2203 943 2257 faciunt
977 2203 1228 2256 flammae
1263 2201 1474 2270 fulgere
1508 2202 1730 2257 colores.

314 2279 477 2346 fulgit
514 2279 663 2348 item,
701 2297 826 2334 cum
861 2281 1149 2333 rarescunt
1185 2294 1404 2347 quoque
1439 2278 1626 2333 nubila
1660 2279 1812 2334 caeli.

316 2371 443 2408 nam
479 2371 600 2408 cum
638 2359 834 2410 ventus
871 2373 965 2410 cas
999 2355 1199 2410 leviter
1235 2354 1448 2409 diducit
1482 2355 1664 2410 euntis
1957 2370 2032 2410 215

318 2430 691 2499 dissoluitque,
727 2432 929 2487 cadant
964 2432 1195 2500 ingratis
1229 2431 1326 2485 illa
1358 2435 1638 2487 necessest
1772 2475 1785 2491 .

317 2507 524 2561 semina
563 2522 704 2574 quae
739 2507 950 2561 faciunt
986 2508 1276 2576 fulgorem.
1311 2510 1433 2561 tum
1469 2508 1583 2562 sine
1616 2510 1801 2563 taetro

315 2588 530 2637 terrore
567 2585 625 2636 et
661 2583 841 2636 sonitu
877 2582 1039 2652 fulgit
1075 2584 1335 2652 nulloque
1370 2583 1625 2638 tumultu.

389 2658 550 2725 Quod
586 2661 853 2728 superest,
890 2659 1052 2726 quali
1085 2663 1285 2714 natura
1317 2658 1571 2728 praedita
1604 2661 1860 2714 constent

314 2735 557 2801 fulmina,
596 2734 879 2790 declarant
913 2731 1072 2790 ictus
1095 2738 1156 2790 et
1188 2736 1371 2789 inusta
1405 2734 1625 2805 vaporis
1960 2750 2034 2790 220

316 2812 472 2882 signa
506 2814 782 2880 notaeque
818 2811 1000 2880 gravis
1035 2811 1273 2866 halantis
1310 2812 1550 2882 sulpuris
1585 2828 1760 2865 auras.

315 2889 455 2958 ignis
491 2889 636 2942 enim
675 2891 805 2943 sunt
839 2888 973 2942 haec
1008 2905 1116 2942 non
1155 2888 1305 2942 venti
1348 2888 1503 2956 signa
1536 2904 1716 2957 neque
1749 2887 1961 2944 imbris.

317 2968 609 3036 praeterea
645 2981 807 3032 saepo
843 2964 1152 3019 accendunt
1189 2981 1408 3034 quoque
1444 2968 1593 3019 tecta
1629 2963 1916 3020 domorum

315 3046 374 3096 et
409 3042 573 3096 celeri
609 3041 825 3095 flamma
861 3041 1213 3094 dominantur
1248 3040 1303 3092 in
1342 3040 1570 3093 aedibus
1604 3040 1753 3109 ipsis.

318 3118 461 3172 hunc
495 3117 600 3171 tibi
637 3117 898 3172 subtilem
934 3133 1057 3170 cnm
1093 3116 1286 3185 primis
1322 3116 1540 3183 ignibus
1574 3116 1758 3184 ignem
1960 3132 2036 3171 225

321 3194 612 3249 constituit
646 3197 844 3249 natura
876 3191 1101 3247 minutis
1137 3191 1536 3260 mobi.ibusque
