2259 3442
1144 98 1207 155 V
1930 103 2041 163 137

340 208 401 260 et
436 207 607 275 magis
640 205 741 258 hoe
776 203 988 257 lunam:
1024 192 1242 269 quanto'
1268 200 1558 255 demissior
1591 202 1709 257 eius
1774 219 1779 222 ’

338 298 528 337 cursus
564 280 721 335 abest
755 278 943 347 procul
978 294 1013 330 a
1046 276 1198 330 eaelo
1232 276 1506 344 terrisque
1541 278 1890 347 propinquat,
1975 294 2048 334 630

338 362 495 413 tanto
531 373 690 427 posse
726 356 905 426 minus
940 371 1062 408 cum
1099 352 1269 421 signis
1305 352 1535 407 tendere
1571 370 1804 409 cursum.

339 434 647 489 flaccidiore
683 432 890 486 etenim
924 433 1130 499 quanto
1165 429 1273 483 iam
1308 429 1530 484 turbine
1568 429 1746 483 fertur

336 510 566 564 inferior
600 525 763 577 quam
799 507 894 575 sol,
928 509 1086 561 tanto
1121 506 1295 574 magis
1330 506 1511 559 omnia
1547 505 1702 574 signa

339 586 477 640 hanc
513 585 887 654 adipiscuntur
921 584 1125 638 circum
1160 585 1490 652 praeterque
1526 584 1791 639 feruntur.

339 665 632 731 propterea
665 662 731 715 fit
766 664 830 715 ut
864 660 998 721 haec
1034 659 1106 713 ad
1143 660 1358 727 signum
1393 660 1653 729 quodque
1690 660 1893 716 reverti
1977 676 2048 715 635

339 738 591 792 mobilius
628 738 895 806 videatur,
929 736 1004 791 ad
1037 736 1178 791 hanc
1215 737 1343 805 quia
1377 737 1533 805 signa
1568 737 1829 792 revisunt.

339 815 405 869 fit
442 832 660 884 quoque
696 818 760 869 ut
796 832 828 869 e
864 814 1054 868 mundi
1091 814 1421 868 transversis
1457 814 1707 883 partibus
1742 831 1838 868 aer

339 891 567 945 alternis
602 896 753 945 certo
790 892 961 945 fluere
996 891 1139 944 alter
1173 893 1424 959 tempore
1459 892 1645 958 possit,

340 967 436 1036 qui
473 971 638 1034 queat
674 969 892 1021 aestivis
929 967 1100 1021 solem
1138 966 1438 1019 detrudere
1475 967 1640 1033 signis

339 1042 601 1095 brumalis
634 1059 807 1109 usque
842 1043 915 1095 ad
948 1043 1123 1095 flexus
1158 1042 1512 1110 gelidumque
1549 1043 1800 1109 rigorem,
1975 1059 2048 1098 640

341 1122 400 1172 et
436 1119 528 1186 qui
565 1118 755 1171 reiciat
790 1118 986 1185 gelidis
1020 1135 1054 1171 a
1088 1117 1308 1185 frigoris
1341 1118 1548 1170 umbris

341 1193 625 1247 aestiferas
662 1209 836 1262 usque
872 1194 928 1245 in
963 1194 1137 1261 partis
1173 1197 1232 1247 et
1266 1193 1478 1247 fervida
1514 1194 1681 1260 signa.

342 1273 401 1323 et
439 1269 653 1323 ratione
689 1268 807 1335 pari
842 1269 1026 1322 lunam
1064 1269 1361 1337 stellasque
1396 1270 1769 1338 putandumst,

340 1364 481 1416 quae
517 1346 741 1410 volvunt
776 1361 1002 1412 magnos
1038 1346 1094 1398 in
1132 1345 1342 1413 magnis
1377 1345 1604 1399 orbibus
1639 1362 1822 1413 annos,

338 1423 560 1478 aeribus
595 1440 753 1492 posse
790 1422 1025 1475 alternis*
1050 1440 1081 1475 e
1118 1421 1369 1491 partibus
1404 1423 1498 1476 ire.
1974 1438 2047 1476 045

337 1516 516 1554 nonne
553 1499 708 1553 vides
742 1499 907 1553 etiam
945 1498 1179 1552 diversis
1209 1498 1394 1552 nubila
1428 1498 1608 1553 ventis

339 1577 583 1630 diversas
618 1577 699 1629 ire
735 1577 791 1628 in
826 1576 999 1643 partis
1034 1575 1245 1630 inferna
1280 1575 1528 1644 supernis
1544 1577 1563 1629 Ἰ

338 1653 432 1721 qui
469 1653 647 1705 minus
682 1651 776 1705 illa
811 1656 1013 1720 queant
1047 1669 1148 1720 per
1183 1668 1407 1720 magnos
1442 1651 1684 1706 aetheris
1718 1652 1868 1706 orbis

339 1730 583 1782 aestibus
620 1728 767 1782 inter
803 1745 862 1781 se
898 1728 1127 1782 diversis
1165 1729 1347 1782 sidera
1380 1728 1547 1783 ferri?

412 1807 493 1858 At
528 1822 635 1858 nox
672 1803 857 1858 obruit
890 1804 1102 1871 ingenti
1138 1804 1366 1871 ealigine
1402 1808 1597 1868 terras,
1973 1818 2046 1857 650

338 1884 437 1935 aut
471 1881 575 1933 ubi·
602 1881 673 1934 de
707 1879 868 1947 longo
904 1896 1067 1933 eursu
1103 1880 1184 1933 sol
1219 1880 1413 1933 ultima
1447 1881 1584 1935 caeli
1726 1865 1747 1888 ’ὃ

338 1957 561 2025 impulit
598 1961 766 2025 atque
804 1972 929 2009 suos
966 1955 1169 2009 efflavit
1205 1955 1494 2023 languidus
1529 1955 1671 2023 ignis

341 2049 629 2088 concussos
666 2034 807 2087 itere
843 2036 901 2086 et
935 2032 1234 2086 labefactos
1269 2048 1396 2085 aere
1431 2032 1619 2100 multe,

338 2114 437 2165 aut
474 2111 601 2179 quia
637 2109 739 2163 sub
773 2113 953 2162 terras
989 2125 1204 2161 cursum
1243 2111 1565 2163 convortere
1600 2108 1746 2175 cogit

275 2192 280 2196 ’
336 2188 418 2242 vis
455 2188 663 2255 eadem,
702 2202 869 2255 supra
906 2202 1046 2253 quae
1083 2188 1261 2239 terras
1297 2185 1526 2253 pertulit
1562 2183 1765 2238 orbem.
1973 2199 2046 2238 655

407 2264 675 2333 Tempore
711 2263 844 2317 item
883 2266 1036 2316 certo
1073 2278 1287 2316 roseam
1323 2262 1543 2317 Matuta
1575 2277 1678 2329 per
1711 2276 1836 2313 oras

340 2339 579 2393 aetheris
616 2356 869 2393 auroram
907 2338 1095 2393 differt
1130 2345 1190 2392 et
1225 2338 1428 2392 lumina
1461 2336 1670 2407 pandit,

337 2419 436 2470 aut
470 2416 599 2484 quia
633 2417 714 2469 sol
748 2416 912 2483 idem,
951 2416 1053 2469 sub
1087 2419 1266 2470 terras
1300 2416 1392 2469 ille
1426 2416 1723 2481 revertens,

338 2492 606 2560 anticipat
643 2493 849 2546 caelum
889 2492 1057 2546 radiis
1093 2492 1394 2547 accendere
1429 2493 1722 2560 temptanS,

338 2571 436 2621 aut
470 2568 598 2636 quia
632 2569 957 2623 conveniunt
991 2570 1146 2636 ignes
1180 2573 1238 2623 et
1273 2568 1479 2622 semina
1512 2567 1687 2619 multa
1973 2579 2046 2617 660

340 2644 611 2698 confluere
648 2646 861 2699 ardoris
896 2647 1227 2698 consuerunt
1262 2647 1511 2714 tempore
1547 2646 1714 2707 cert0,

338 2738 481 2790 quae
515 2723 721 2776 faciunt
757 2721 883 2775 solis
918 2737 1059 2774 nova
1093 2737 1311 2791 semper
1345 2721 1551 2774 lumina
1585 2717 1768 2785 gigni;

339 2799 488 2868 quod
522 2815 696 2867 genus
734 2797 918 2851 Idaeis
952 2797 1099 2851 fama
1134 2802 1222 2853 est
1256 2815 1288 2851 e
1323 2796 1601 2851 montibus
1634 2792 1762 2847 altis

340 2876 619 2968 dispersos
656 2876 798 2946 ignis
835 2874 1032 2928 orienti
1069 2875 1273 2930 lumine
1309 2874 1473 2940 cerni,

336 2953 468 3007 inde
492 2956 637 3011 coire
659 2953 882 3023 globum
906 2951 1059 3019 quasi
1082 2951 1139 3003 in
1164 2967 1331 3005 unum
1357 2954 1415 3014 et
1439 2948 1707 3017 conficere
1731 2944 1934 3000 orbem.
1970 2958 2043 2997 665

340 3047 443 3086 nee
478 3037 662 3088 tamen
698 3031 838 3086 illud
873 3029 929 3082 in
963 3026 1049 3080 his
1084 3026 1248 3080 rebus
1285 3026 1536 3081 mirabile
1571 3023 1740 3078 debet

340 3124 477 3175 esse,
513 3111 660 3179 quod
695 3111 830 3164 haec
866 3104 1007 3174 ignis
1043 3105 1158 3156 tam
1195 3108 1347 3159 certe
1385 3107 1634 3172 tempore
1666 3100 1897 3170 possunt

342 3187 550 3300 {imina
584 3187 856 3240 confluere
892 3186 951 3236 et
986 3179 1115 3234 solis
1151 3196 1412 3250 reparare
1444 3180 1696 3236 nitorem.
