2259 3442
1019 118 1167 177 IIII
1847 122 1962 180 105

257 221 461 290 quippe
496 220 587 274 ubi
622 221 708 275 cui
740 220 913 275 febris
948 221 1043 275 bili
1077 224 1372 291 superante
1407 226 1595 275 coorta
1630 227 1718 277 est
1790 268 1796 274 .

262 299 359 350 aut
393 297 501 350 alia
535 298 748 351 ratione
781 296 1018 366 aliquast
1052 297 1137 352 vis
1171 297 1356 352 excita
1388 297 1579 366 morbi,
1904 313 1975 353 665

261 374 618 444 perturbatur
652 374 729 427 ibi
763 374 873 428 iam
907 377 1087 430 totum
1122 391 1323 445 corpus
1357 378 1417 428 et
1451 391 1640 430 omnes

262 454 666 505 commutantur
701 450 777 505 ibi
810 452 1091 520 positurae
1124 452 1546 522 principiorum3

260 527 324 581 fit
359 528 511 596 prius
546 526 618 582 ad
652 544 870 582 sensum
908 535 973 581 ut
1006 544 1148 598 quae
1168 530 1412 598 'corpora
1444 528 1838 584 conveniebant

260 619 402 657 nunc
435 620 543 658 non
578 604 915 671 conveniant,
953 607 1013 658 ct
1046 609 1234 658 cetera
1268 605 1380 659 sint
1414 605 1589 674 magis
1623 608 1771 674 apta,

261 696 400 748 quae
423 683 713 750 penetrata
736 684 946 749 queunt
970 696 1192 734 sensum
1217 680 1547 750 progignere
1571 680 1844 736 acerbum.
1904 696 1977 735 670

1098 769 1136 803 5(-

257 845 491 911 utraque
526 843 671 897 enim
707 847 836 898 sunt
871 844 927 898 in
962 844 1140 898 mellis
1174 845 1469 898 commixta
1503 861 1728 915 sapore;

258 917 317 972 id
352 919 501 989 quod
533 920 643 973 iam
678 937 876 990 supera
908 920 1013 975 tibi
1050 936 1216 989 saepe
1251 920 1590 974 ostendimus
1625 926 1767 976 ante.

330 995 381 1047 N
387 1012 492 1050 unc
528 1012 629 1063 age
664 1013 772 1063 quo
807 1001 970 1064 pacto
1005 995 1154 1049 naris
1189 996 1435 1050 adiectus
1470 996 1653 1051 odoris

261 1073 456 1138 tangat
491 1087 663 1139 agam.
698 1072 933 1141 primum
970 1088 1059 1125 res
1095 1070 1300 1125 multas
1335 1087 1457 1125 esse
1491 1076 1770 1127 necessest

259 1147 408 1199 unde
442 1145 617 1199 fluens
648 1146 833 1201 volvat
867 1147 1049 1200 varius
1092 1163 1152 1200 se
1188 1146 1387 1200 fluctus
1422 1147 1669 1216 odorum,
1905 1162 1979 1199 675

261 1224 321 1275 et
354 1221 525 1275 fluere
559 1225 618 1276 et
653 1222 802 1276 mitti
836 1221 993 1290 volgo
1029 1223 1322 1292 spargique
1358 1224 1748 1294 putandumst3

261 1313 450 1351 verum
486 1298 605 1351 aliis
640 1298 778 1352 alius
813 1299 986 1366 magis
1021 1301 1108 1352 est
1143 1299 1506 1354 animantibus
1541 1304 1704 1370 aptus

262 1372 539 1427 dissimilis
574 1377 805 1444 propter
840 1374 1056 1428 formas
1090 1375 1326 1444 ideoque
1361 1393 1464 1445 per
1497 1393 1659 1431 auras

259 1450 434 1506 mellis
467 1468 600 1521 apes
635 1450 884 1518 quamvis
918 1450 1080 1519 longe
1115 1452 1390 1506 ducuntur
1424 1452 1608 1522 odore,

259 1526 587 1595 volturiique
623 1526 993 1581 cadaveribus,
1031 1532 1151 1581 tum
1187 1528 1315 1583 fissa
1349 1529 1591 1584 ferarum
1904 1542 1980 1581 oso

258 1602 462 1670 ungula
494 1620 601 1672 quo
636 1603 830 1658 tulerit
862 1620 1109 1672 gressum
1147 1605 1412 1674 permissa
1446 1602 1640 1660 canum
1674 1605 1756 1659 vis
1993 1606 2001 1614 '

262 1677 431 1746 ducit,
462 1683 526 1734 et
560 1679 855 1733 humanum
892 1680 1051 1749 longe
1085 1680 1393 1749 praesentit
1428 1681 1650 1736 odorem

265 1753 680 1810 Romulidarum
714 1756 855 1809 arcis
892 1760 1140 1810 servator
1174 1756 1439 1830 candidus
1475 1774 1647 1811 anser.

266 1830 342 1884 sic
378 1831 499 1885 aliis
535 1832 683 1900 alius,
706 1831 866 1885 nidor
902 1831 1065 1885 datus
1098 1832 1174 1885 ad
1209 1849 1308 1886 sua
1342 1848 1613 1901 quemque

263 1907 468 1976 pabula
501 1907 656 1961 ducit
689 1911 751 1961 et
783 1924 818 1960 a
851 1910 1034 1961 taetro
1069 1907 1281 1961 resilire
1315 1924 1520 1961 veneno
1912 1921 1984 1959 683

264 1984 427 2050 cogit,
463 1998 635 2050 eoque
671 1983 834 2036 modo
870 1985 1161 2036 servantur
1197 1983 1374 2037 saecla
1406 1984 1658 2037 ferarum.

339 2059 448 2112 Hic
483 2057 621 2112 odor
652 2057 773 2128 ipse
808 2058 993 2127 igitur,
1027 2058 1179 2111 naris
1215 2059 1542 2128 quicumque
1575 2058 1809 2126 lacessit,

203 2124 216 2137 ’
265 2136 353 2188 cst
387 2133 493 2190 alio
526 2137 591 2188 ut
624 2135 799 2203 possit
833 2133 1083 2204 permitti
1117 2135 1331 2203 longius
1366 2135 1522 2190 alter.

264 2209 366 2264 sed
399 2213 586 2265 tamen
619 2210 768 2265 haud
803 2211 1088 2280 quisquam
1126 2214 1241 2266 tam
1278 2211 1437 2280 longe
1469 2212 1651 2266 fertur
1683 2227 1874 2265 eorum

263 2303 429 2355 quam
456 2288 676 2355 sonitus,
700 2304 865 2357 quam
888 2304 1009 2355 vox,
1037 2289 1201 2342 mitto
1223 2287 1332 2342 iam
1357 2288 1544 2343 dicere
1566 2304 1729 2357 quam
1753 2304 1844 2341 res
1908 2302 1983 2341 690

262 2380 404 2432 quae
436 2363 642 2418 feriunt
676 2365 954 2418 oculorum
990 2365 1134 2419 acies
1169 2364 1454 2435 visumque
1486 2365 1774 2420 lacessunt.

263 2439 606 2493 errabundus
642 2441 786 2494 enim
822 2441 983 2495 tarde
1018 2442 1172 2496 venit
1206 2459 1270 2496 ac
1304 2443 1452 2512 perit
1488 2445 1617 2496 ante

263 2515 530 2584 paulatim
564 2515 737 2569 facilis
772 2517 1073 2572 distraetus
1106 2519 1164 2571 in
1200 2519 1342 2573 aeris
1377 2535 1568 2584 auras3

263 2608 335 2644 ex
371 2589 483 2645 alto
518 2590 757 2660 primum
791 2593 919 2658 quia
952 2593 1042 2646 vix
1078 2594 1351 2649 emittitur
1386 2611 1456 2648 ex
1492 2610 1580 2647 re:

263 2684 392 2720 nam
427 2668 648 2736 penitus
683 2666 855 2721 fluere
889 2672 1057 2737 atque
1089 2669 1354 2724 recedere
1389 2669 1554 2724 rebus
1589 2668 1787 2722 odores
1912 2681 1987 2720 ms

264 2742 539 2811 significat
571 2742 723 2812 quod
756 2743 931 2797 fracta
964 2744 1141 2812 magis
1174 2745 1426 2799 redolere
1460 2743 1719 2798 videntur

264 2820 461 2887 omnia,
496 2818 645 2888 qnod
680 2820 929 2886 contrita,
964 2819 1112 2889 quod
1145 2821 1257 2889 igni
1292 2821 1693 2876 conlabefacta:

264 2894 467 2949 deinde
501 2895 692 2951 videre
727 2896 858 2950 licet
892 2895 1187 2950 maioribus
1222 2912 1343 2951 esse
1377 2899 1625 2951 creatum

245 2971 547 3040 principiis
581 2988 745 3042 quam
780 2987 900 3037 vox,
936 2971 1195 3041 quoniam
1229 2988 1331 3041 per
1365 2988 1529 3026 saxea
1564 2974 1758 3041 saepta

264 3063 377 3101 non
412 3049 690 3117 penetrati
719 3065 828 3119 qua
862 3064 968 3103 vox
1002 3047 1162 3116 volgo
1198 3049 1513 3118 sonitusque
1547 3048 1815 3102 feruntur.
1915 3058 1989 3100 700

265 3139 441 3191 quare
475 3124 642 3179 etiam
677 3126 827 3194 quod
860 3125 975 3180 olet
1007 3141 1115 3178 non
1150 3127 1267 3179 tam
1300 3125 1338 3178 f
1330 3125 1460 3179 mlle
1495 3140 1617 3178 esse
1649 3120 1865 3176 xidebis

261 3198 598 3317 {gvestigare
632 3202 688 3254 iu
723 3219 841 3270 qua
866 3202 940 3256 sit
974 3201 1199 3270 regione
1233 3201 1485 3255 locatum.
