2259 3442
241 98 319 159 '72
1022 95 1132 152 III

242 202 460 256 illorum
494 200 641 270 potis
675 202 776 266 est,
811 198 883 252 ad
917 198 1089 252 vitam
1126 197 1222 265 qui
1255 198 1576 250 revocantes

242 278 596 332 circumstant
630 275 865 329 lacrimis
900 277 1150 328 rorantes
1185 288 1280 325 ora
1314 287 1605 340 genasque.

242 370 412 423 quare
448 354 689 407 animum
723 366 938 419 quoque
974 347 1200 402 dissolui
1233 348 1442 401 fateare
1476 352 1765 415 necessest,
1866 363 1939 404 470
2042 404 2053 411 ,

242 428 684 499 quandoquidem
720 429 1014 495 penetrant
1047 425 1103 479 in
1140 442 1265 479 eum
1302 425 1553 492 contagia
1586 425 1776 479 morbi.

242 523 366 560 nam
403 505 560 559 dolor
594 521 658 558 ac
691 502 913 558 morbus
947 502 1046 557 leti
1080 501 1377 555 fabricator
1412 504 1714 570 uterquest,

240 583 537 636 multorum
572 580 741 634 exitio
778 579 1028 648 perdocti
1063 578 1215 648 quod
1249 593 1434 631 sumus
1468 581 1614 633 ante.

203 668 216 695 ι’
239 675 298 707 m·
318 673 542 713 Quemne
567 672 768 704 usum
791 671 974 704 snum
997 672 1178 705 contus
1199 672 1265 704 tn·
1288 671 1494 704 Anulum

199 714 299 789 &131¹
325 741 535 774 PARITRR
553 740 756 773 umlm
791 741 971 774 suum
1005 740 1188 774 OOBPUS
1218 740 1360 772 INANI
1866 739 1941 781 475

242 803 478 872 denique
513 817 624 869 cur,
659 801 933 855 hominem
969 818 1093 856 cum
1126 801 1239 854 vini
1273 802 1356 856 vis
1388 803 1701 872 penetravit

241 879 383 934 acris
419 883 479 933 et
510 880 567 932 in
603 894 768 932 venas
805 877 1056 932 discessit
1091 877 1301 931 diditus
1336 878 1516 947 ardor,

243 955 593 1023 consequitur
627 954 868 1023 gravitas
903 954 1289 1021 membrorum,
1323 954 1755 1024 praepediuntur

243 1048 404 1086 crura
437 1031 730 1099 vacillanti,
767 1029 1032 1085 tardescit
1065 1030 1266 1117 lingua,
1303 1030 1493 1086 madet
1525 1048 1695 1100 mens,

242 1112 377 1163 nant
411 1107 565 1176 oculi,
602 1107 805 1162 elamor
826 1099 1112 1174 singultus
1148 1106 1325 1175 iurgia
1358 1108 1611 1176 gliscunt,
1868 1120 1942 1159 49⁰

245 1188 304 1240 et
336 1185 446 1238 iam
481 1189 668 1238 cetera
703 1182 775 1238 de
809 1198 1013 1252 genere
1047 1182 1153 1236 hoe
1189 1199 1565 1253 quaecumque
1601 1187 1874 1250 secuntur,

244 1277 342 1315 eur
376 1278 443 1315 ea
479 1264 620 1328 sunt,
657 1260 762 1313 nisi
798 1258 945 1328 quod
977 1274 1201 1319 vemens
1233 1259 1491 1313 uiolentia
1526 1261 1632 1313 vini

244 1336 492 1390 conturb·
479 1354 571 1389 ··ue
607 1337 840 1388 animam
876 1335 1158 1387 consuevit
1193 1351 1420 1404 corpore
1455 1337 1509 1389 in
1546 1337 1698 1404 ipso?

245 1415 304 1466 at
338 1427 712 1480 quaecumque
749 1413 957 1478 queunt
994 1410 1308 1464 conturbari
1345 1414 1507 1482 inque
1538 1413 1736 1493 pediti,

244 1487 563 1555 significant,
600 1486 761 1554 paulo
797 1486 842 1538 si
879 1485 1067 1538 durior
1103 1486 1390 1541 insinuarit
1869 1502 1945 1541 485

245 1580 419 1651 causa,
454 1563 572 1616 fore
607 1567 669 1615 ut
706 1565 936 1631 pereant
969 1578 1102 1614 aevo
1140 1563 1352 1629 privata
1386 1564 1585 1619 futuro,

246 1639 380 1709 quin
416 1639 583 1692 etiam
620 1636 803 1692 subito
839 1637 891 1690 vi
927 1637 1103 1690 morbi
1142 1655 1305 1708 saepe
1340 1644 1559 1695 coactus

245 1718 376 1769 ante
412 1714 596 1769 oeulos
630 1713 825 1782 aliquis
861 1717 1091 1781 nostros,
1131 1718 1197 1768 ut
1231 1714 1472 1769 fulminis
1505 1717 1634 1783 ictu,

246 1790 483 1845 concidit
518 1795 577 1844 et
613 1806 831 1861 spumas
866 1789 997 1867 agit,
1036 1789 1265 1858 ingemit
1298 1795 1358 1846 et
1392 1793 1583 1846 tremit
1615 1794 1783 1858 artus,

246 1868 460 1936 desipit,
498 1871 749 1922 extentat
784 1883 994 1935 nervos,
1031 1870 1336 1934 torquetur,
1371 1868 1592 1923 anhelat
1873 1882 1947 1921 49⁰

242 1946 629 2011 inconstanter,
668 1947 728 1997 et
762 1943 819 1996 in
854 1943 1108 1997 iactando
1147 1943 1392 1997 membra
1427 1944 1640 2013 fatigat.

245 2021 499 2075 nimirum
536 2022 662 2090 quia
696 2021 779 2074 vis
813 2020 987 2074 morbi
1026 2020 1293 2074 distracta
1326 2037 1428 2087 per
1461 2026 1615 2075 artus

246 2097 454 2165 turbat,
492 2115 658 2165 agens
695 2096 932 2159 animam
972 2103 1206 2166 spumat,
1248 2097 1404 2166 quasi
1439 2097 1495 2151 in
1531 2112 1770 2166 aequore
1805 2095 1948 2149 salso

245 2177 532 2228 ventorum
570 2173 761 2226 validis
795 2171 1109 2238 feryeseunt
1146 2171 1354 2226 viribus
1386 2174 1581 2228 undae.

244 2250 568 2317 exprimitur
604 2265 767 2317 porro
804 2248 1057 2316 gemitus,
1097 2250 1225 2317 quia
1259 2249 1505 2304 membra
1539 2249 1727 2304 dolore
1875 2261 1947 2300 495

245 2325 577 2379 adficiuntur
612 2327 670 2376 et
707 2323 928 2376 omnino
963 2325 1111 2392 quod
1150 2326 1354 2379 semina
1386 2326 1534 2380 vocis

245 2400 522 2455 eiciuntur
558 2403 616 2452 et
651 2416 746 2452 ore
782 2398 928 2452 foras
964 2399 1271 2468 glomerata
1305 2401 1558 2456 feruntur
1698 2458 1729 2475 μ
1826 2451 1833 2463 ,

175 2490 180 2499 ·
245 2494 353 2545 qua
389 2476 544 2545 quasi
581 2478 913 2529 consuerunt
950 2477 1008 2528 et
1047 2479 1176 2530 sunt
1212 2476 1424 2531 munita
1456 2477 1580 2532 viai.
1676 2476 1693 2525 Ξ·
1724 2497 1765 2521 ιγ
1800 2468 1881 2547 3¹0

246 2553 570 2622 desipientia
604 2553 681 2617 fit,
717 2551 848 2621 quia
880 2553 962 2604 vis
999 2552 1166 2606 animi
1202 2556 1370 2620 atque
1404 2553 1605 2608 animai

246 2628 607 2685 conturbatur
643 2632 716 2696 et,
751 2630 815 2682 ut
852 2626 1025 2695 docui,
1064 2628 1239 2682 divisa
1273 2645 1516 2683 seorsum
1875 2640 1949 2680 σοι)

246 2707 569 2760 disiectatur
605 2705 798 2759 codem
836 2704 929 2757 illo
966 2704 1232 2759 distracta
1266 2721 1486 2760 veneno.

244 2782 373 2834 inde
408 2780 502 2833 ubi
541 2782 645 2833 iam
683 2780 858 2834 morbi
894 2781 1111 2835 reflexit
1148 2797 1310 2834 eausa
1344 2781 1600 2850 reditque

244 2857 301 2908 in
335 2856 577 2909 latebras
613 2873 739 2908 acer
772 2857 1014 2924 corrupti
1052 2855 1292 2924 eorporis
1328 2871 1498 2923 umor,

245 2934 365 2983 tum
402 2931 559 2997 quasi
594 2931 879 2984 vaccillans
911 2932 1149 3019 primum
1188 2931 1467 2996 consurgit
1502 2933 1561 2984 et
1595 2929 1770 2984 omnis

247 3005 506 3072 paulatim
541 3004 689 3058 redit
725 3006 780 3057 in
817 3023 1006 3059 sensus
1041 3007 1385 3070 animamque
1419 3008 1680 3093 receptat.
1876 3020 1948 3059 6⁰⁵

246 3079 381 3132 haec
412 3078 584 3145 igitur
616 3080 787 3132 tantis
821 3079 916 3133 ubi
950 3080 1156 3133 morbis
1191 3095 1416 3146 corpore
1450 3079 1507 3132 in
1544 3081 1664 3148 ipso

177 3154 521 3208 mmmm
553 3153 871 3221 miserisque
904 3153 1082 3206 modis
1118 3154 1383 3207 distracta
1417 3152 1681 3221 laborent,

1954 2446 2125 2489 iww‘
2152 2444 2177 2461 ”
