2259 3442
1108 102 1217 156 xvii

405 242 556 305 1171,
585 241 734 303 1172,
760 234 856 305 qui
899 234 954 288 in
997 234 1154 289 libris
1185 239 1317 291 ante
1358 241 1699 297 1163—1170,
1724 237 2007 292 inveniun-

295 328 406 391 tur,
455 327 580 394 post
618 323 718 377 hos
759 321 1039 391 ponendos
1085 322 1230 378 vidit
1268 322 1590 378 Theodorus
1630 322 1903 392 Bergkius
1949 324 2007 377 in

297 409 478 464 Iahnii
502 408 678 464 annal.
700 408 831 477 phil.
856 408 958 464 vol.
988 413 1053 466 67
1089 425 1142 478 p.
1170 415 1289 465 319.

954 595 1193 651 LIBER
1229 596 1345 651 111.

399 755 469 805 84
549 765 651 818 pro
712 760 942 802 sUADET
1004 748 1200 819 scripsi
1275 764 1399 804 cum
1466 749 1731 804 Lambino
1791 749 2005 817 fundo,

296 835 676 891 Lachmannus
684 835 925 902 fraude.

404 924 501 978 173
571 931 797 974 SUAvls.
867 920 1128 975 mendum
1192 921 1294 976 hoc
1356 921 1551 976 tollere
1602 938 1710 975 non
1764 938 2000 990 possum.

295 1006 673 1060 Lachmannus
695 1022 928 1076 suppus.
988 1005 1089 1060 sed
1124 1005 1221 1074 qui
1255 1007 1547 1061 adversum
1570 1008 1763 1062 vulnus
1787 1009 2001 1077 accipit,

293 1108 498 1161 pronus
545 1091 726 1147 cadit:
789 1095 941 1146 certe
996 1090 1057 1144 id
1117 1091 1353 1146 affirmat
1401 1092 1692 1146 Lucretius
1733 1101 1801 1146 ἰν
1853 1099 2001 1148 1049.

293 1179 623 1249 Bernaysius
663 1195 787 1233 cum
827 1177 1158 1233 Wakefieldj
1202 1179 1441 1248 quodam
1494 1178 1667 1233 amico
1705 1179 1917 1234 Saevus
1952 1188 2003 1234 et

291 1252 486 1322 contra
509 1265 731 1320 Lucreti
754 1264 1207 1320 consuetudinem
1233 1264 1327 1334 qui
1349 1272 1401 1320 et
1424 1265 1667 1320 secundo
1696 1265 1814 1321 loco
1845 1284 2002 1322 num-

292 1369 459 1424 quam
505 1352 583 1405 sic
631 1351 800 1420 ponit.
871 1367 1048 1420 paene
1095 1351 1340 1419 suspicor
1385 1368 1486 1421 pro
1544 1362 1922 1410 INSEQUETUR
1944 1394 1957 1407 .
1984 1393 1998 1408 .

291 1450 506 1493 sUAVIs
541 1437 891 1493 scribendum
930 1453 1052 1492 esse
1087 1437 1380 1507 insequier
1402 1479 1415 1493 .
1443 1480 1456 1493 .
1480 1437 1663 1493 suevit
1680 1457 1701 1495 .·
1738 1439 1821 1493 ita
1853 1440 1998 1494 enim

289 1529 458 1596 poeta
481 1542 645 1594 saepe
667 1524 931 1594 loquitur.

294 1676 309 1685 ,
398 1618 497 1668 198
567 1613 625 1667 iu
649 1610 888 1666 absurdo
915 1611 1185 1666 librorum
1218 1622 1638 1671 SPICARUMQUE
1672 1613 1846 1667 latere
1878 1629 1998 1667 ver-

290 1697 423 1751 bum
446 1713 667 1752 movere
691 1696 830 1751 vidit
854 1696 1186 1765 Bernaysius
1218 1697 1312 1766 qui
1346 1696 1549 1751 cauru'
1583 1713 1804 1751 movere
1831 1696 1998 1764 scrip-

291 1786 379 1840 sit.
441 1801 544 1852 ego
580 1783 829 1839 codicum
859 1783 1104 1850 vestigiis
1141 1783 1364 1852 propius
1394 1782 1653 1837 insistens
1684 1783 1805 1851 ipse
1834 1783 1996 1836 euru’

286 1877 511 1925 movere
534 1869 680 1923 dedi.
753 1868 1134 1923 Lachmannus
1156 1867 1405 1936 spiritus
1427 1885 1573 1936 acer,
1597 1869 1851 1937 neglecta
1878 1885 1997 1922 ora-

289 1956 459 2013 tionis
482 1960 775 2011 structura.

396 2048 499 2098 234
573 2042 962 2108 Lachmannus,
985 2042 1074 2096 hic
1107 2044 1173 2097 ut
1193 2040 1332 2096 alias
1354 2041 1410 2095 in
1443 2048 1494 2095 et
1524 2056 1624 2110 pro
1655 2041 1830 2094 eliam
1853 2041 1997 2111 posi-

289 2131 413 2184 tum
438 2129 696 2197 saeviens,
722 2127 912 2183 scribit
935 2128 1034 2184 cui
1055 2127 1276 2182 mixtus
1300 2143 1418 2181 non
1441 2127 1547 2181 siet
1568 2143 1683 2181 aer.

396 2221 497 2271 239
567 2233 669 2285 pro
713 2228 877 2269 MENS
923 2232 1046 2270 cum
1094 2213 1395 2285 Bernaysio
1450 2231 1541 2268 res
1587 2213 1784 2282 recepi.
1826 2212 1997 2267 Lach-

290 2318 522 2356 mannus
562 2317 763 2370 quem;
815 2301 964 2354 unde
1010 2302 1265 2354 contorta
1301 2302 1361 2353 ct
1397 2299 1667 2370 impedita.
1704 2299 1996 2354 verborum

291 2391 571 2442 structura
594 2386 840 2440 efficitur.
912 2386 968 2439 in
992 2385 1243 2455 proximo
1266 2401 1433 2440 versu
1460 2396 1748 2444 QUAEDAM
1786 2401 1854 2439 ex
1894 2389 1993 2437 241

289 2474 504 2529 illatum
530 2472 751 2527 Lucreti
779 2471 947 2526 verba
969 2472 1196 2541 expulit.
1246 2472 1382 2542 quid
1406 2472 1702 2540 scripserit,
1724 2472 1995 2526 incertum

290 2565 406 2615 cst:
441 2576 544 2629 ego
568 2558 919 2614 distinctione
942 2563 1069 2629 post
1091 2575 1289 2613 creare
1320 2558 1538 2613 sublata
1570 2565 1622 2613 ct
1651 2559 1815 2613 homo
1850 2558 1995 2616 dedi.

290 2646 671 2717 Lachmannus
706 2645 985 2714 quaedam
1008 2645 1095 2699 vis
1116 2645 1325 2700 menti‘.

394 2739 499 2787 244
567 2749 669 2803 pro
692 2743 765 2784 ΕΤ
794 2743 1010 2784 PAvas
1044 2732 1426 2785 Lachmannus
1458 2747 1486 2785 e
1501 2749 1561 2798 p.
1597 2730 1761 2801 paulo
1801 2731 1995 2789 melius

292 2819 622 2888 Bernaysius
645 2835 747 2889 pro
770 2831 852 2872 Ex
876 2817 1095 2887 scripsit
1117 2824 1214 2873 cst.
1272 2818 1340 2872 cf.
1362 2831 1424 2870 V1
1449 2822 1564 2870 330.

395 2907 497 2961 257
567 2919 669 2973 pro
702 2913 1047 2955 RETINEMUS
1072 2911 1355 2953 VALEMUS
1393 2899 1755 2969 antiquissimi
1791 2916 1996 2954 correc-

293 2993 442 3045 tores
465 2991 712 3046 retinerc
735 3007 782 3044 v.
830 2988 1208 3044 Lachmannus
1231 2987 1468 3042 absurde
1493 2986 1790 3041 retinemu'
1813 2988 1994 3041 valen-

293 3083 384 3132 tes.

392 3168 498 3281 {90
567 3179 668 3231 pro
692 3177 762 3216 m
787 3162 1166 3217 Lachmannus
1189 3179 1264 3216 ea.
