2259 3442
1104 86 1223 148 ,ΙΙΙ
1939 90 2014 148 75

309 196 477 262 atque
510 193 775 247 foramina
793 194 814 248 'l
850 191 1189 247 multimodis
1223 192 1288 244 ut
1321 207 1545 245 noscere
1581 192 1755 260 possis

309 268 655 338 dispertitam
690 270 903 323 animae
939 272 1194 323 naturam
1229 267 1410 322 exisse
1444 285 1546 337 per
1581 272 1737 323 artus

307 349 367 400 et
399 347 552 415 prius
587 363 708 400 esse
744 345 849 399 sibi
885 345 1204 400 distractam
1239 361 1465 413 corpore
1499 345 1556 398 in
1591 345 1725 415 ipso,
1943 361 2018 400 590

309 427 486 491 quam‘
507 423 761 491 prolapsa
794 422 940 476 foras
976 426 1168 475 enaret
1201 422 1259 474 in
1294 423 1436 476 aeris
1472 438 1646 476 auras.

308 499 441 567 quin
477 498 644 552 etiam
679 498 802 552 finis
838 497 969 571 dum
1005 498 1152 552 vitae
1188 501 1423 553 vertitur
1458 498 1620 566 intra,

310 591 473 643 saepe
508 574 691 643 aliqua
726 578 910 628 tamen
946 591 978 628 e
1013 591 1175 629 eausa
1209 574 1480 628 labefacta
1513 574 1732 629 videtur

305 650 389 704 ire
424 651 604 704 anima
639 667 703 705 ae
737 654 856 704 toto
891 650 1030 704 solui
1066 650 1140 704 de
1174 667 1401 719 corpore
1438 652 1567 705 velle

297 730 366 781 -et
402 728 558 796 quasi
595 743 849 796 supremo
883 726 1234 795 languescere
1271 731 1519 797 tempore
1554 728 1737 783 voltus
1943 742 2014 781 595

305 804 597 873 molliaque
633 804 894 872 exsangui
931 811 1132 858 trunco
1168 804 1365 858 eadere
1399 806 1581 859 omnia
1615 804 1874 859 membra.

305 881 454 950 quod
489 898 662 950 genus
697 886 797 944 est,
834 881 1014 934 auimo
1049 881 1192 934 male
1226 882 1429 934 factum
1467 899 1589 935 cum
1624 880 1945 950 perhibetur

302 961 401 1012 aut
434 959 671 1011 animam
706 956 960 1026 l'iquisse3
994 956 1090 1010 ubi
1126 958 1236 1009 iam
1272 957 1585 1025 trepidatur
1619 962 1678 1010 et
1711 973 1898 1011 omnes

304 1041 614 1087 extremum
650 1035 874 1100 cupiunt
910 1033 1057 1086 vitae
1092 1033 1531 1100 repraehendere
1566 1033 1815 1087 vinclum.

298 1112 697 1176 nonquassatur
731 1110 873 1162 enim
909 1112 1029 1161 tum
1065 1124 1221 1161 mens
1257 1108 1576 1176 animaeque
1611 1110 1857 1176 potestas
1945 1122 2018 1160 eo

305 1186 481 1238 omnis
516 1189 573 1238 et
609 1184 743 1238 haee
777 1184 893 1252 ipso
929 1201 1052 1238 eum
1088 1200 1317 1252 corpore
1352 1184 1748 1250 conlabefiunt;

305 1262 371 1314 ut
404 1261 623 1328 gravior
657 1260 818 1330 paulo
854 1261 1027 1329 possit
1060 1259 1359 1314 dissolvere
1393 1277 1569 1315 eausa.

306 1337 443 1406 quid
479 1337 699 1391 dubitas
734 1337 958 1390 tandem
996 1337 1125 1404 quia
1164 1339 1323 1390 extra
1356 1337 1576 1405 prodita
1610 1354 1807 1407 eorpus

299 1413 551 1468 inbecilla
587 1414 731 1466 foras
766 1413 824 1465 in
861 1417 1070 1482 aperte,
1095 1412 1355 1479 tegmine
1391 1413 1632 1482 demptO,

295 1505 410 1542 non
446 1490 607 1543 modo
643 1507 749 1543 non
788 1506 1002 1543 omnem
1040 1489 1212 1558 possit
1247 1488 1448 1544 durare
1483 1507 1583 1560 per
1618 1508 1824 1560 aevom,
1941 1508 2012 1546 6⁰5

304 1565 405 1619 sed
440 1565 721 1620 minimum
760 1566 991 1635 quodvis
1030 1570 1269 1635 nequeat
1304 1568 1601 1622 consistere
1637 1571 1888 1638 tempus?

301 1659 402 1695 nee
437 1642 539 1696 sibi
574 1643 720 1696 enim
756 1643 1043 1712 quisquam
1078 1642 1316 1696 moriens
1353 1644 1558 1698 sentire
1594 1645 1815 1699 videtur

300 1717 384 1771 ire
418 1718 562 1772 foras
597 1719 828 1773 animam
865 1719 1188 1773 incolumem
1226 1717 1297 1772 de
1331 1736 1556 1788 corpore
1592 1725 1712 1775 toto

302 1811 402 1847 nee
438 1795 591 1863 prius
626 1794 697 1848 ad
731 1795 977 1862 iugulum
1014 1798 1072 1849 et
1110 1798 1329 1862 supera>
1345 1797 1638 1851 succedere
1673 1798 1873 1865 faueeS,

302 1886 493 1923 verum
529 1871 763 1923 deficere
798 1870 856 1923 in
893 1873 1046 1923 certa
1078 1870 1301 1937 regione
1314 1850 1598 1937 ⁷loeatam3
1941 1889 2015 1927 610

302 1951 366 1998 ut
403 1962 593 1999 sensus
628 1945 763 2000 alios
797 1946 854 1997 iu
890 1946 1039 2014 parti
1074 1962 1349 2014 quemque
1387 1963 1483 2001 sua
1519 1948 1620 2001 scit

302 2020 543 2076 dissolui.
580 2021 728 2090 quod
764 2021 810 2075 si
847 2019 1153 2075 inmortalis
1188 2025 1394 2076 nostra*
1412 2023 1556 2078 foret
1591 2040 1761 2091 mens,

299 2114 407 2150 non
443 2100 557 2151 tam
593 2114 652 2151 se
688 2098 924 2152 moriens
962 2096 1185 2151 dissolvi
1220 2104 1663 2166 conquereretur,

298 2173 401 2227 sed
437 2174 609 2242 magis
644 2175 727 2228 ire
760 2174 905 2228 foras
941 2178 1265 2243 vestemque
1299 2175 1632 2245 relinquere,
1657 2181 1722 2232 ut
1755 2178 1964 2247 anguis.

370 2250 619 2319 Denique
654 2267 752 2305 eur
785 2251 950 2305 animi
987 2267 1285 2320 numquam
1321 2268 1474 2307 mens
1509 2253 1900 2324 consiliumque
1936 2269 2010 2308 615

296 2324 542 2394 gignitur
576 2326 632 2380 in
665 2327 846 2397 eapite
878 2332 975 2382 aut
1009 2327 1246 2398 pedibus
1280 2330 1612 2398 manibusve,
1651 2330 1751 2385 sed
1784 2331 1909 2387 unis

298 2401 522 2457 sedibus
558 2407 617 2458 et
652 2405 817 2458 certis
851 2405 1082 2459 hominis
1118 2406 1431 2474 regionibus
1465 2408 1672 2474 haeret,

269 2550 272 2553 Ι
296 2478 345 2532 si
381 2495 489 2533 non
522 2483 677 2534 certa
710 2482 827 2536 loca
861 2483 934 2537 ad
969 2483 1301 2537 nascendum
1337 2484 1558 2539 reddita
1591 2485 1786 2553 cuique

121 2583 208 2644 2
298 2557 443 2623 sunt,
480 2559 538 2609 et
572 2554 666 2608 ubi
705 2558 964 2626 quiequid
1000 2560 1174 2628 possit
1210 2561 1411 2616 durare
1446 2565 1691 2616 creatum

297 2633 468 2699 atque
503 2630 582 2684 ita
617 2632 951 2688 multimodis
988 2637 1211 2705 partitis
1245 2634 1476 2690 artubus
1510 2655 1644 2703 esse,
1938 2652 2012 2692 620

299 2706 668 2761 membrorum
705 2713 769 2762 ut
804 2727 1100 2779 numquam
1140 2714 1344 2766 existat
1377 2717 1765 2782 praeposterus
1801 2715 1974 2771 ordo?

300 2798 476 2851 usque
510 2782 652 2836 adeo
691 2786 942 2853 sequitur
976 2803 1064 2840 res
1101 2805 1216 2840 rem
1254 2805 1433 2858 neque
1467 2789 1684 2844 flamma
1719 2792 1894 2846 creari

301 2857 613 2912 fluminibus
648 2861 861 2915 solitast
900 2878 1077 2930 neque
1113 2863 1169 2915 in
1206 2863 1320 2931 igni
1354 2864 1568 2931 gignier
1601 2866 1766 2935 algor.

374 2934 670 2990 Praeterea
705 2937 750 2990 si
786 2936 1091 2992 inmortalis
1125 2943 1325 2993 natura
1358 2939 1610 2996 animaist

304 3014 361 3065 et
397 3013 600 3066 sentire
634 3017 818 3081 potest
853 3018 1065 3068 secreta
1099 3032 1135 3069 a
1168 3032 1398 3086 corpore
1430 3021 1634 3085 nostre,
1936 3037 2006 3074 625

303 3088 556 3157 quinque,
580 3094 644 3143 ut
665 3090 872 3160 opinor,
897 3108 1018 3146 eam
1042 3092 1357 3148 faciundum
1383 3098 1471 3148 est
1495 3095 1746 3150 sensibus
1770 3098 2005 3151 auctam·

304 3179 405 3218 nec
439 3165 651 3220 ratione
681 3166 792 3222 alia
826 3172 1043 3224 nosmet
1077 3186 1380 3240 proponere
1414 3171 1571 3226 nobis
