2259 3442
1069 118 1198 172 xviii

370 260 474 311 298
515 277 522 282 ·
545 256 925 309 Lachmannus
948 254 1066 308 sine
1089 271 1255 309 causa
1276 259 1405 310 aute
1429 261 1530 312 296
1555 257 1854 312 collocavit.

372 349 473 397 306
544 353 702 393 SITAs
734 341 873 396 adeo
896 341 1188 396 manifesto
1211 357 1311 409 pro
1334 341 1495 395 sitast
1524 342 1789 411 scriptum
1826 334 1976 398 vide}

268 431 361 482 tur
411 431 475 481 ut
520 427 623 480 hoc
672 427 894 495 quidem
940 427 1062 482 loco
1118 427 1275 481 inter
1303 432 1596 496 utrosque
1640 445 1742 497 pro
1791 440 1975 488 INTER

269 524 575 573 UTRAsQUE
633 530 701 567 ex
762 512 846 567 ed.
911 513 1055 567 Iunt.
1117 512 1364 581 recipere
1422 530 1531 567 non
1591 513 1976 569 dubitaverim.

268 596 524 650 librarius
548 604 818 665 utrasque
840 596 912 650 ad
936 598 1072 651 sitas
1095 598 1538 652 accommodavit.

371 688 472 738 358
541 682 844 737 rectissime
882 683 1042 736 eiecit
1083 682 1394 736 Lambinus,
1464 682 1841 737 Lachmannus
1882 684 1974 738 vix

268 767 463 822 Latine
480 766 769 835 Nullaque
781 774 1081 837 praeterea
1097 768 1311 835 perdit,
1327 784 1498 836 quo-m
1512 768 1812 836 expellitur
1826 785 1971 823 aevo.

371 858 473 908 362
544 853 841 907 delendum
866 870 987 908 esse
1020 869 1146 907 cum
1181 852 1442 906 Lambino
1478 870 1567 906 res
1604 853 1725 923 ipsa
1756 852 1973 908 clamat.

268 954 391 992 cum
413 938 472 992 in
493 938 739 1007 margine
771 938 965 1007 aliquis
1003 937 1363 1006 adscripsisse
1395 937 1631 1006 videtur,
1653 941 1718 992 ut
1750 953 1975 1008 corrup-

267 1026 387 1077 tum
411 1024 580 1077 ducat
604 1024 915 1093 explicaret.
976 1021 1355 1076 Lachmannus
1378 1021 1521 1076 hunc
1543 1038 1761 1077 versum
1785 1024 1975 1092 inepte

266 1109 415 1165 inter
439 1117 539 1166 363
565 1114 623 1166 et
647 1116 749 1165 364
772 1110 969 1179 posuit.
1972 1172 1979 1177 ¹

368 1204 471 1255 374
540 1198 743 1252 retinui
792 1196 1054 1251 librorum
1102 1207 1344 1248 ANIMAE
1389 1207 1724 1249 ELEMENTA.
1771 1196 1852 1250 ita
1912 1212 1973 1251 v1

267 1287 365 1341 755
390 1284 495 1338 loci
518 1300 618 1352 ope
639 1283 842 1350 sufficit
867 1282 1072 1352 scripsi.
1146 1282 1526 1336 Lachmannus
1560 1283 1826 1337 elementa
1861 1285 1973 1337 mi-

269 1386 410 1424 nora
433 1370 675 1425 animai.

367 1461 469 1509 405
536 1471 638 1524 pro
661 1467 992 1507 AEmERms
1017 1454 1398 1509 Lachmannus
1422 1456 1626 1512 aerias.

367 1549 469 1596 412
492 1547 550 1597 ct
573 1549 675 1596 415
710 1558 877 1611 prave
909 1542 1120 1611 expulit
1153 1541 1565 1610 Lachmannus3
1606 1543 1807 1611 quibus
1839 1545 1969 1600 sub-

264 1627 392 1687 latis
433 1627 645 1681 animae
683 1630 741 1681 et
787 1627 955 1680 animi
994 1628 1331 1696 comparatio
1372 1644 1495 1681 cum
1544 1629 1686 1683 oculi
1733 1630 1869 1685 orbe
1909 1635 1971 1686 ct

262 1713 466 1782 pupula
489 1729 597 1767 non
619 1716 847 1767 constat.

365 1807 467 1854 415
509 1817 610 1869 pro
648 1803 904 1869 corrupto
943 1810 1202 1867 ALIOQUI,
1246 1800 1582 1868 transposita
1619 1817 1728 1854 una
1765 1801 1969 1868 littera,

262 1886 483 1954 aliquoi
510 1888 715 1957 scripsi.
788 1887 989 1942 deinde
1024 1887 1099 1940 sit
1131 1885 1340 1954 addidi,
1364 1885 1514 1954 quod
1547 1886 1804 1942 facillime
1839 1893 1970 1943 ante

262 1974 593 2041 splendidus
615 1974 876 2030 excidere
898 1974 1095 2043 potuit.
1487 1996 1492 2001 ·

365 2064 462 2114 421
493 2059 894 2115 Lachmannum
913 2062 1134 2112 secutus
1159 2074 1294 2125 sum,
1311 2056 1415 2111 ctsi
1432 2061 1817 2124 argumentum
1837 2075 1970 2127 quo-

263 2142 554 2199 dammodo
601 2145 799 2199 inverti
840 2143 1073 2198 xidetur.
1136 2141 1572 2209 scribendumne,
1612 2142 1762 2210 quod
1791 2149 1851 2198 et
1893 2145 1967 2199 ad

262 2229 430 2284 libros
457 2232 681 2300 propius
715 2229 928 2285 accedit
961 2232 1018 2284 et
1050 2230 1231 2299 aptius
1264 2230 1350 2282 est
1379 2227 1451 2281 ad
1478 2229 1825 2298 sententiam,
1850 2248 1968 2286 uno

261 2315 361 2368 sub
385 2314 594 2383 ianuas
616 2316 844 2369 nomine
866 2330 1094 2369 eorum.
1085 2315 1111 2354 Ρ

365 2407 467 2458 428
500 2403 767 2456 librorum
792 2401 1116 2469 scripturam
1141 2396 1378 2453 restitui.
1448 2397 1492 2452 1.
1487 2398 1842 2470 achmannus‚
1868 2419 1969 2470 pro

263 2502 396 2543 ΝΛΜ
434 2489 725 2545 scribendo
771 2489 911 2556 iam,
953 2502 1174 2541 causam
1221 2478 1346 2538 cum
1394 2484 1593 2539 effectu
1633 2486 1970 2543 confundere

263 2576 493 2631 videtur.
530 2577 595 2631 cf.
622 2581 725 2631 203
751 2592 871 2645 sqq.
892 2577 951 2629 ct
975 2589 1096 2626 ann.
1121 2571 1253 2641 phil.
1282 2571 1436 2625 Cant.
1457 2587 1479 2625 1
1508 2589 1562 2641 p.
1579 2577 1661 2627 33.
1697 2573 1966 2628 ‘animus'

261 2661 341 2715 ait
377 2664 543 2731 poeta
580 2662 595 2689 ‘
614 2661 836 2730 egregio
856 2657 1092 2713 mobilis
1120 2660 1244 2722 est3
1277 2673 1408 2724 crgo
1439 2673 1708 2727 perquam
1743 2660 1970 2716 minutis

260 2747 581 2814 corporibus
604 2745 850 2801 constat’.

364 2836 466 2885 430
500 2835 560 2886 et
583 2836 685 2885 433
711 2846 745 2883 a
769 2829 1119 2884 Lachmanno
1144 2828 1346 2881 eiectos
1370 2826 1603 2883 restitui.

364 2921 468 2970 444
500 2933 601 2985 pro
647 2925 1058 2967 INCOHIBESCIT
1108 2912 1305 2981 scripsi
1350 2912 1417 2965 in
1464 2930 1572 2980 quo
1625 2916 1834 2971 habitet
1879 2920 1971 2974 sic.

262 3002 640 3056 Lachmannus
681 3002 736 3055 is
770 3000 1072 3069 cohibessic,
1120 2999 1565 3066 interrogationis
1602 3006 1735 3056 nota
1764 3004 1819 3056 iu
1859 3005 1969 3060 fine

261 3087 556 3158 superioris
578 3104 771 3143 versus
794 3086 988 3154 posita.

364 3181 462 3230 531
500 3191 602 3243 pro
633 3183 828 3234 ATQUE
851 3183 1048 3224 ANIMO
1073 3182 1247 3236 HAEC,
1288 3172 1505 3225 mutata
1536 3189 1644 3226 una
1673 3176 1969 3243 transposi-
