2259 3442
1116 107 1216 163 VI
1882 86 1992 164 169

291 209 353 263 in
387 225 538 264 mare
574 210 646 265 de
682 212 832 265 caelo
867 212 1180 280 descendat,
1218 228 1383 281 quam
1418 212 1564 265 freta
1597 212 1800 266 circum

289 285 608 341 fervescunt
642 288 885 355 graviter
921 288 1258 358 spirantibus
1291 287 1462 341 incita
1495 287 1698 357 flabris,

288 365 350 416 et
385 379 760 433 quaecumque
795 363 853 417 in
888 381 953 418 eo
990 368 1109 418 tum
1147 365 1256 418 sint
1292 364 1564 433 deprensa
1597 366 1838 419 tumultu

286 439 506 505 navigia
538 439 597 492 in
631 456 903 494 summum
938 441 1163 495 veniant
1196 443 1396 508 vexata
1431 440 1708 509 periclum.
1927 456 1999 496 430

287 514 395 569 hoc
429 514 496 569 fit
530 514 625 569 ubi
659 516 937 571 interdum
972 533 1080 571 non
1115 518 1239 586 quit
1271 516 1356 572 vis
1391 517 1559 571 incita
1592 518 1743 572 venti

286 607 545 661 rumpere
580 608 745 661 quam
781 593 962 663 coepit
996 591 1214 658 nubem,
1253 593 1353 647 sed
1389 593 1667 663 deprimit,
1703 597 1767 648 ut
1803 594 1877 649 sit

285 666 347 719 in
380 683 532 722 mare
567 668 639 722 de
676 669 825 724 caelo
859 672 1144 738 tamquam
1180 669 1419 723 demissa
1454 670 1720 737 columna,

286 741 567 811 paulatim,
603 744 758 812 quasi
791 744 929 813 quid
961 761 1147 813 pugno
1181 745 1514 814 bracchique
1552 762 1790 815 superne

286 817 537 873 coniectu
570 821 831 875 trudatur
866 824 925 875 et
960 821 1297 876 extendatur
1330 821 1389 875 in
1424 821 1632 887 undas3
1923 840 1998 877 4‘15

288 911 454 963 quam
490 912 614 949 cum
650 896 889 964 discidit,
923 897 1050 951 hinc
1086 898 1462 967 prorumpitur
1495 898 1552 950 in
1588 915 1741 953 mare
1776 901 1923 953 venti

286 970 371 1024 vis
407 975 467 1026 et
501 972 769 1026 fervorem
803 974 1002 1025 mirum
1038 973 1326 1027 concinnat
1359 973 1416 1025 in
1450 974 1627 1027 undis

287 1048 664 1101 versabundus
700 1049 846 1102 enim
881 1048 1045 1102 turbo
1081 1049 1373 1103 descendit
1405 1054 1465 1104 et
1499 1049 1650 1104 illam

286 1123 518 1179 deducit
550 1125 759 1193 pariter
792 1125 945 1180 lento
980 1142 1105 1179 cum
1141 1142 1368 1194 corpore
1403 1126 1636 1192 nubem3

288 1217 454 1267 quam
478 1201 635 1254 simul
660 1218 723 1256 ac
745 1201 1031 1270 gravidam
1055 1202 1296 1256 detrusit
1320 1202 1394 1255 ad
1417 1219 1658 1272 aequora
1679 1204 1851 1272 ponti,
1922 1219 1995 1258 410

285 1276 381 1330 illc
415 1277 473 1330 in
508 1292 705 1345 aquam
742 1276 923 1331 subito
957 1280 1137 1331 totum
1173 1294 1234 1332 se
1268 1279 1497 1333 inmittit
1532 1282 1593 1333 et
1626 1296 1787 1333 omne

288 1352 499 1408 excitat
532 1352 743 1423 ingenti
780 1354 963 1408 sonitu
995 1370 1150 1409 mare
1184 1354 1400 1410 fervere
1435 1371 1647 1423 cogens.

288 1429 356 1484 fit
390 1446 609 1498 quoque
641 1433 707 1484 ut
741 1430 981 1485 involvat
1015 1431 1166 1485 venti
1201 1448 1261 1486 se
1296 1431 1534 1485 nubibus
1569 1432 1687 1501 ipse

287 1509 482 1560 vertex
517 1506 821 1561 conradens
855 1523 925 1561 ex
960 1523 1088 1561 aere
1122 1508 1331 1562 semina
1364 1509 1526 1563 nubis

291 1585 351 1636 et
387 1582 542 1650 quasi
578 1582 874 1637 demissum
909 1584 1060 1638 caclo
1095 1588 1345 1653 prestera
1379 1586 1640 1640 imitetur.
1919 1599 1993 1636 445

287 1657 378 1711 hic
413 1658 509 1712 ubi
545 1675 605 1713 se
638 1660 694 1713 in
729 1662 911 1714 terras
948 1660 1171 1714 demisit
1207 1660 1583 1730 dissoluitquc‚

287 1733 521 1787 turbinis
555 1734 827 1790 inmanem
862 1737 972 1789 vim
1005 1738 1277 1804 provomit
1312 1741 1478 1805 atque
1513 1737 1800 1806 procellae.

287 1811 389 1863 sed
425 1810 556 1880 quia
589 1811 656 1865 fit
690 1827 816 1865 raro
851 1812 1067 1864 omnino
1102 1813 1411 1880 montisque
1448 1805 1761 1867 necessest'*

288 1886 505 1941 officere
540 1886 598 1940 in
635 1887 810 1952 terris,
846 1890 1078 1957 apparet
1113 1887 1359 1940 crebrius
1392 1887 1540 1941 idem

287 1966 583 2032 prospectu
616 1963 784 2017 maris
818 1964 874 2016 in
909 1980 1105 2030 magno
1141 1963 1401 2033 caeloque
1434 1965 1662 2032 patenti.
1917 1981 1993 2020 450

358 2039 562 2093 Nubila
595 2043 970 2107 concrescunt,
1004 2038 1097 2092 ubi
1132 2055 1360 2108 corpora
1393 2041 1569 2095 multa
1602 2040 1835 2096 volando

287 2114 392 2169 hoc
429 2132 625 2185 supero
659 2116 717 2169 in
751 2116 887 2170 caeli
923 2116 1100 2185 spatio
1136 2116 1316 2170 coiere
1351 2120 1583 2186 repente

287 2193 578 2260 asperiora,
615 2193 783 2247 moris
818 2208 959 2261 quae
994 2192 1207 2261 possint
1241 2192 1568 2261 indupedita

286 2268 500 2337 exiguis
535 2272 722 2323 tamen
757 2270 904 2323 inter
940 2285 999 2322 se
1035 2284 1355 2337 comprensa
1388 2270 1579 2324 teneri.

287 2344 422 2399 haec
454 2346 664 2400 faciunt
697 2346 935 2418 primum
970 2362 1167 2415 parvas
1201 2345 1500 2401 consistere
1534 2346 1737 2413 nubes;
1918 2362 1992 2401 455

287 2419 417 2475 inde
451 2421 587 2476 haec
621 2423 1021 2493 comprendunt
1055 2422 1204 2477 inter
1239 2439 1299 2476 se
1334 2436 1544 2493 conque
1577 2426 1879 2492 gregantur

289 2501 348 2552 et
381 2498 757 2567 coniungendo
792 2503 1047 2553 crescunt
1080 2500 1368 2567 ventisque
1403 2500 1654 2554 feruntur

288 2591 460 2643 usque
496 2572 634 2629 adeo
671 2574 844 2628 donec
878 2579 1183 2645 tempestas
1218 2592 1380 2629 saeva
1413 2580 1670 2631 coortast.

290 2651 355 2705 fit
390 2668 606 2719 quoque
643 2651 727 2704 uti
762 2652 963 2705 montis
996 2651 1174 2705 vicina
1208 2652 1484 2706 cacumina
1517 2654 1667 2707 caelo

291 2744 458 2796 quam
482 2728 592 2781 sint
617 2743 835 2796 quoque
858 2728 1047 2795 magis,
1071 2731 1227 2782 tanto
1252 2729 1423 2796 magis
1448 2729 1600 2784 edita
1621 2729 1836 2785 fument
1920 2745 1994 2784 400

292 2803 521 2858 adsidue
557 2803 747 2857 furvae
781 2803 943 2857 nubis
978 2804 1208 2872 caligine
1240 2820 1424 2859 crassa

294 2883 590 2950 propterea
626 2880 768 2949 quia,
804 2896 927 2933 cum
963 2880 1268 2935 consistunt
1301 2880 1490 2935 nubila
1523 2882 1775 2951 primum,

293 2959 422 3010 ante
455 2955 646 3012 videre
681 2956 823 3011 oculi
859 2972 1022 3027 quam
1059 2955 1282 3025 possint,
1317 2958 1514 3026 tenvia,
1549 2959 1700 3012 venti

294 3036 580 3103 portantes
615 3037 819 3103 cogunt
853 3033 926 3086 ad
961 3049 1173 3086 summa
1206 3034 1490 3087 cacumina
1522 3035 1737 3090 montis.

295 3108 384 3162 hic
420 3108 640 3164 demum
675 3111 742 3165 fit
775 3110 860 3165 uti
893 3109 1059 3164 turba
1091 3110 1297 3164 maiore
1333 3113 1520 3164 coorta
1922 3125 1996 3166 4⁶5

296 3188 355 3239 et
388 3185 659 3241 condensa
693 3190 899 3255 queant
931 3202 1203 3257 apparere
1240 3190 1298 3241 et
1333 3186 1494 3241 simul
1529 3186 1649 3255 ipso
