<?xml version="1.0" encoding="UTF-8"?>
<!DOCTYPE html PUBLIC "-//W3C//DTD XHTML 1.0 Transitional//EN"
    "http://www.w3.org/TR/xhtml1/DTD/xhtml1-transitional.dtd">
<html xmlns="http://www.w3.org/1999/xhtml" xml:lang="en" lang="en">
 <head>
  <title>
</title>
<meta http-equiv="Content-Type" content="text/html;charset=utf-8" />
  <meta name='ocr-system' content='tesseract 3.04.00' />
  <meta name='ocr-capabilities' content='ocr_page ocr_carea ocr_par ocr_line ocrx_word'/>
</head>
<body>
  <div class='ocr_page' id='page_1' title='image "./tlucreticarider03unkngoog_0157.png"; bbox 0 0 2259 3442; ppageno 0'>
   <div class='ocr_carea' id='block_1_1' title="bbox 1131 84 2068 148">
    <p class='ocr_par' dir='ltr' id='par_1_1' title="bbox 1131 84 2068 148">
     <span class='ocr_line' id='line_1_1' title="bbox 1131 84 2068 148; baseline 0.004 -8"><span class='ocrx_word' id='word_1_1' title='bbox 1131 84 1276 141; x_wconf 90' lang='lat' dir='ltr'>IIII</span> <span class='ocrx_word' id='word_1_2' title='bbox 1484 135 1501 148; x_wconf 80' lang='grc'>,</span> <span class='ocrx_word' id='word_1_3' title='bbox 1952 85 2068 144; x_wconf 86' lang='grc'><strong>113</strong></span> 
     </span>
    </p>
   </div>
   <div class='ocr_carea' id='block_1_2' title="bbox 358 187 2066 639">
    <p class='ocr_par' dir='ltr' id='par_1_2' title="bbox 360 187 1928 258">
     <span class='ocr_line' id='line_1_2' title="bbox 360 187 1928 258; baseline 0.003 -18"><span class='ocrx_word' id='word_1_4' title='bbox 360 203 534 257; x_wconf 89' lang='lat' dir='ltr'><strong>usque</strong></span> <span class='ocrx_word' id='word_1_5' title='bbox 570 187 707 242; x_wconf 85' lang='lat' dir='ltr'><strong>adeo</strong></span> <span class='ocrx_word' id='word_1_6' title='bbox 744 187 927 255; x_wconf 86' lang='lat' dir='ltr'><strong>magni</strong></span> <span class='ocrx_word' id='word_1_7' title='bbox 962 187 1138 242; x_wconf 87' lang='lat' dir='ltr'><strong>refert</strong></span> <span class='ocrx_word' id='word_1_8' title='bbox 1174 187 1417 242; x_wconf 87' lang='lat' dir='ltr'><strong>studium</strong></span> <span class='ocrx_word' id='word_1_9' title='bbox 1455 190 1622 255; x_wconf 87' lang='lat' dir='ltr'><strong>atque</strong></span> <span class='ocrx_word' id='word_1_10' title='bbox 1658 187 1928 258; x_wconf 82' lang='lat' dir='ltr'><strong>voluptas,</strong></span> 
     </span>
    </p>

    <p class='ocr_par' dir='ltr' id='par_1_3' title="bbox 360 264 2066 395">
     <span class='ocr_line' id='line_1_3' title="bbox 361 264 2066 333; baseline 0.001 -15"><span class='ocrx_word' id='word_1_11' title='bbox 361 268 421 318; x_wconf 91' lang='lat' dir='ltr'><strong>et</strong></span> <span class='ocrx_word' id='word_1_12' title='bbox 454 264 651 333; x_wconf 90' lang='lat' dir='ltr'><strong>quibus</strong></span> <span class='ocrx_word' id='word_1_13' title='bbox 685 265 742 317; x_wconf 90' lang='lat' dir='ltr'><strong>in</strong></span> <span class='ocrx_word' id='word_1_14' title='bbox 777 264 943 318; x_wconf 87' lang='lat' dir='ltr'><strong>rebus</strong></span> <span class='ocrx_word' id='word_1_15' title='bbox 976 265 1293 318; x_wconf 76' lang='lat' dir='ltr'><strong>consuerint</strong></span> <span class='ocrx_word' id='word_1_16' title='bbox 1329 280 1450 317; x_wconf 90' lang='lat' dir='ltr'><strong>esse</strong></span> <span class='ocrx_word' id='word_1_17' title='bbox 1485 265 1697 332; x_wconf 88' lang='lat' dir='ltr'><strong>operati</strong></span> <span class='ocrx_word' id='word_1_18' title='bbox 1993 281 2066 320; x_wconf 78' lang='lat'><strong>985</strong></span> 
     </span>
     <span class='ocr_line' id='line_1_4' title="bbox 360 340 1791 395; baseline 0.001 -1"><span class='ocrx_word' id='word_1_19' title='bbox 360 357 467 395; x_wconf 91' lang='lat' dir='ltr'><strong>non</strong></span> <span class='ocrx_word' id='word_1_20' title='bbox 502 341 747 395; x_wconf 88' lang='lat' dir='ltr'><strong>homines</strong></span> <span class='ocrx_word' id='word_1_21' title='bbox 784 340 956 395; x_wconf 89' lang='lat' dir='ltr'><strong>solum</strong></span> <span class='ocrx_word' id='word_1_22' title='bbox 994 341 1094 394; x_wconf 88' lang='lat' dir='ltr'><strong>sed</strong></span> <span class='ocrx_word' id='word_1_23' title='bbox 1129 357 1259 395; x_wconf 84' lang='lat' dir='ltr'><strong>vero</strong></span> <span class='ocrx_word' id='word_1_24' title='bbox 1295 340 1550 393; x_wconf 85' lang='lat' dir='ltr'><strong>animalia</strong></span> <span class='ocrx_word' id='word_1_25' title='bbox 1584 343 1791 395; x_wconf 88' lang='lat' dir='ltr'><strong>cuncta.</strong></span> 
     </span>
    </p>

    <p class='ocr_par' dir='ltr' id='par_1_4' title="bbox 358 416 1977 562">
     <span class='ocr_line' id='line_1_5' title="bbox 359 416 1977 486; baseline 0.001 -16"><span class='ocrx_word' id='word_1_26' title='bbox 359 417 564 486; x_wconf 89' lang='lat' dir='ltr'><strong>quippe</strong></span> <span class='ocrx_word' id='word_1_27' title='bbox 600 417 812 471; x_wconf 81' lang='lat' dir='ltr'><strong>videbis</strong></span> <span class='ocrx_word' id='word_1_28' title='bbox 849 433 1017 486; x_wconf 90' lang='lat' dir='ltr'><strong>equos</strong></span> <span class='ocrx_word' id='word_1_29' title='bbox 1053 417 1228 485; x_wconf 88' lang='lat' dir='ltr'><strong>fortis,</strong></span> <span class='ocrx_word' id='word_1_30' title='bbox 1264 434 1385 471; x_wconf 89' lang='lat' dir='ltr'><strong>cum</strong></span> <span class='ocrx_word' id='word_1_31' title='bbox 1426 418 1673 471; x_wconf 87' lang='lat' dir='ltr'><strong>membra</strong></span> <span class='ocrx_word' id='word_1_32' title='bbox 1706 416 1977 486; x_wconf 88' lang='lat' dir='ltr'><strong>iacebunt,</strong></span> 
     </span>
     <span class='ocr_line' id='line_1_6' title="bbox 358 493 1721 562; baseline 0 -16"><span class='ocrx_word' id='word_1_33' title='bbox 358 494 416 546; x_wconf 88' lang='lat' dir='ltr'><strong>in</strong></span> <span class='ocrx_word' id='word_1_34' title='bbox 452 494 653 547; x_wconf 89' lang='lat' dir='ltr'><strong>somnis</strong></span> <span class='ocrx_word' id='word_1_35' title='bbox 691 493 889 547; x_wconf 86' lang='lat' dir='ltr'><strong>sudare</strong></span> <span class='ocrx_word' id='word_1_36' title='bbox 926 497 1113 547; x_wconf 89' lang='lat' dir='ltr'><strong>tamen</strong></span> <span class='ocrx_word' id='word_1_37' title='bbox 1151 494 1470 562; x_wconf 79' lang='lat' dir='ltr'><strong>spirareque</strong></span> <span class='ocrx_word' id='word_1_38' title='bbox 1506 510 1721 562; x_wconf 85' lang='lat' dir='ltr'><strong>semper</strong></span> 
     </span>
    </p>

    <p class='ocr_par' dir='ltr' id='par_1_5' title="bbox 358 569 1738 639">
     <span class='ocr_line' id='line_1_7' title="bbox 358 569 1738 639; baseline 0.001 -17"><span class='ocrx_word' id='word_1_39' title='bbox 358 574 417 623; x_wconf 91' lang='lat' dir='ltr'><strong>et</strong></span> <span class='ocrx_word' id='word_1_40' title='bbox 453 569 609 639; x_wconf 82' lang='lat' dir='ltr'><strong>quasi</strong></span> <span class='ocrx_word' id='word_1_41' title='bbox 648 569 718 623; x_wconf 93' lang='lat' dir='ltr'><strong>de</strong></span> <span class='ocrx_word' id='word_1_42' title='bbox 753 570 950 638; x_wconf 88' lang='lat' dir='ltr'><strong>palma·</strong></span> <span class='ocrx_word' id='word_1_43' title='bbox 971 586 1208 623; x_wconf 88' lang='lat' dir='ltr'><strong>summas</strong></span> <span class='ocrx_word' id='word_1_44' title='bbox 1242 570 1574 624; x_wconf 75' lang='lat' dir='ltr'><strong>contendere</strong></span> <span class='ocrx_word' id='word_1_45' title='bbox 1607 570 1738 624; x_wconf 84' lang='lat' dir='ltr'><strong>viris</strong></span> 
     </span>
    </p>
   </div>
   <div class='ocr_carea' id='block_1_3' title="bbox 270 645 2065 877">
    <p class='ocr_par' dir='ltr' id='par_1_6' title="bbox 270 645 2065 877">
     <span class='ocr_line' id='line_1_8' title="bbox 357 645 2065 716; baseline -0.001 -17"><span class='ocrx_word' id='word_1_46' title='bbox 357 649 455 700; x_wconf 83' lang='lat' dir='ltr'><strong>aut</strong></span> <span class='ocrx_word' id='word_1_47' title='bbox 491 647 642 716; x_wconf 87' lang='lat' dir='ltr'><strong>quasi</strong></span> <span class='ocrx_word' id='word_1_48' title='bbox 679 645 988 700; x_wconf 84' lang='lat' dir='ltr'><strong>carceribus</strong></span> <span class='ocrx_word' id='word_1_49' title='bbox 1023 646 1315 715; x_wconf 76' lang='lat' dir='ltr'><strong>patefactis</strong></span> <span class='ocrx_word' id='word_1_50' title='bbox 1351 663 1498 695; x_wconf 59' lang='lat' dir='ltr'><strong>surs-</strong></span> <span class='ocrx_word' id='word_1_51' title='bbox 1518 664 1699 702; x_wconf 71' lang='lat' dir='ltr'><strong>Qmmn.</strong></span> <span class='ocrx_word' id='word_1_52' title='bbox 1992 661 2065 701; x_wconf 81' lang='lat'><strong>990</strong></span> 
     </span>
     <span class='ocr_line' id='line_1_9' title="bbox 270 719 1658 793; baseline -0.001 -13"><span class='ocrx_word' id='word_1_53' title='bbox 270 747 335 780; x_wconf 72' lang='lat' dir='ltr'><strong>m</strong></span> <span class='ocrx_word' id='word_1_54' title='bbox 358 726 761 793; x_wconf 83' lang='lat' dir='ltr'><strong>venantumque</strong></span> <span class='ocrx_word' id='word_1_55' title='bbox 796 739 956 777; x_wconf 87' lang='lat' dir='ltr'><strong>canes</strong></span> <span class='ocrx_word' id='word_1_56' title='bbox 992 723 1049 776; x_wconf 88' lang='lat' dir='ltr'><strong>in</strong></span> <span class='ocrx_word' id='word_1_57' title='bbox 1085 719 1235 776; x_wconf 83' lang='lat' dir='ltr'><strong>molli</strong></span> <span class='ocrx_word' id='word_1_58' title='bbox 1271 738 1435 792; x_wconf 85' lang='lat' dir='ltr'><strong>saepe</strong></span> <span class='ocrx_word' id='word_1_59' title='bbox 1472 723 1658 791; x_wconf 87' lang='lat' dir='ltr'><strong>quiete</strong></span> 
     </span>
     <span class='ocr_line' id='line_1_10' title="bbox 270 799 2051 877; baseline 0.001 -26"><span class='ocrx_word' id='word_1_60' title='bbox 270 820 333 852; x_wconf 72' lang='lat'><strong>⁹91</strong></span> <span class='ocrx_word' id='word_1_61' title='bbox 356 799 563 853; x_wconf 84' lang='lat' dir='ltr'><strong>iactant</strong></span> <span class='ocrx_word' id='word_1_62' title='bbox 599 815 757 853; x_wconf 89' lang='lat' dir='ltr'><strong>crura</strong></span> <span class='ocrx_word' id='word_1_63' title='bbox 792 803 977 854; x_wconf 86' lang='lat' dir='ltr'><strong>tamen</strong></span> <span class='ocrx_word' id='word_1_64' title='bbox 1015 799 1198 853; x_wconf 83' lang='lat' dir='ltr'><strong>subito</strong></span> <span class='ocrx_word' id='word_1_65' title='bbox 1234 815 1503 869; x_wconf 82' lang='lat' dir='ltr'><strong>vocesque</strong></span> <span class='ocrx_word' id='word_1_66' title='bbox 1539 803 1768 869; x_wconf 87' lang='lat' dir='ltr'><strong>repente</strong></span> <span class='ocrx_word' id='word_1_67' title='bbox 2026 838 2051 877; x_wconf 60' lang='lat' dir='ltr'><em>s</em></span> 
     </span>
    </p>
   </div>
   <div class='ocr_carea' id='block_1_4' title="bbox 265 875 2062 3224">
    <p class='ocr_par' dir='ltr' id='par_1_7' title="bbox 357 875 2062 1094">
     <span class='ocr_line' id='line_1_11' title="bbox 357 875 1777 942; baseline 0.001 -15"><span class='ocrx_word' id='word_1_68' title='bbox 357 875 590 929; x_wconf 88' lang='lat' dir='ltr'><strong>mittunt</strong></span> <span class='ocrx_word' id='word_1_69' title='bbox 625 880 684 930; x_wconf 90' lang='lat' dir='ltr'><strong>et</strong></span> <span class='ocrx_word' id='word_1_70' title='bbox 719 875 912 929; x_wconf 87' lang='lat' dir='ltr'><strong>crebro</strong></span> <span class='ocrx_word' id='word_1_71' title='bbox 946 875 1262 929; x_wconf 90' lang='lat' dir='ltr'><strong>redducunt</strong></span> <span class='ocrx_word' id='word_1_72' title='bbox 1295 875 1517 928; x_wconf 87' lang='lat' dir='ltr'><strong>naribus</strong></span> <span class='ocrx_word' id='word_1_73' title='bbox 1552 891 1728 942; x_wconf 87' lang='lat' dir='ltr'><strong>auras,</strong></span> <span class='ocrx_word' id='word_1_74' title='bbox 1773 901 1777 903; x_wconf 78' lang='grc'><strong>-</strong></span> 
     </span>
     <span class='ocr_line' id='line_1_12' title="bbox 357 951 1577 1018; baseline -0.002 -14"><span class='ocrx_word' id='word_1_75' title='bbox 357 954 421 1004; x_wconf 91' lang='lat' dir='ltr'><strong>ut</strong></span> <span class='ocrx_word' id='word_1_76' title='bbox 455 952 688 1018; x_wconf 82' lang='lat' dir='ltr'><strong>vestigia</strong></span> <span class='ocrx_word' id='word_1_77' title='bbox 724 951 771 1003; x_wconf 88' lang='lat' dir='ltr'><strong>si</strong></span> <span class='ocrx_word' id='word_1_78' title='bbox 805 954 1032 1004; x_wconf 85' lang='lat' dir='ltr'><strong>teneant</strong></span> <span class='ocrx_word' id='word_1_79' title='bbox 1067 951 1290 1004; x_wconf 83' lang='lat' dir='ltr'><strong>inventa</strong></span> <span class='ocrx_word' id='word_1_80' title='bbox 1325 951 1577 1014; x_wconf 87' lang='lat' dir='ltr'><strong>ferarum,</strong></span> 
     </span>
     <span class='ocr_line' id='line_1_13' title="bbox 357 1026 2062 1094; baseline 0.001 -15"><span class='ocrx_word' id='word_1_81' title='bbox 357 1026 838 1093; x_wconf 79' lang='lat' dir='ltr'><strong>expergefactique</strong></span> <span class='ocrx_word' id='word_1_82' title='bbox 875 1029 1134 1079; x_wconf 88' lang='lat' dir='ltr'><strong>secuntur</strong></span> <span class='ocrx_word' id='word_1_83' title='bbox 1168 1026 1349 1078; x_wconf 88' lang='lat' dir='ltr'><strong>inania</strong></span> <span class='ocrx_word' id='word_1_84' title='bbox 1385 1042 1549 1094; x_wconf 85' lang='lat' dir='ltr'><strong>saepe</strong></span> <span class='ocrx_word' id='word_1_85' title='bbox 1989 1043 2062 1080; x_wconf 80' lang='lat'><strong>993</strong></span> 
     </span>
    </p>

    <p class='ocr_par' dir='ltr' id='par_1_8' title="bbox 268 1100 1874 1321">
     <span class='ocr_line' id='line_1_14' title="bbox 268 1100 1874 1170; baseline -0.001 -15"><span class='ocrx_word' id='word_1_86' title='bbox 268 1124 333 1156; x_wconf 71' lang='grc' dir='ltr'><strong>ωε</strong></span> <span class='ocrx_word' id='word_1_87' title='bbox 354 1118 638 1154; x_wconf 86' lang='lat' dir='ltr'><strong>cervorum</strong></span> <span class='ocrx_word' id='word_1_88' title='bbox 677 1100 978 1167; x_wconf 87' lang='lat' dir='ltr'><strong>simulacra,</strong></span> <span class='ocrx_word' id='word_1_89' title='bbox 1013 1102 1178 1168; x_wconf 84' lang='lat' dir='ltr'><strong>fugae</strong></span> <span class='ocrx_word' id='word_1_90' title='bbox 1216 1102 1370 1168; x_wconf 87' lang='lat' dir='ltr'><strong>quasi</strong></span> <span class='ocrx_word' id='word_1_91' title='bbox 1407 1101 1599 1154; x_wconf 88' lang='lat' dir='ltr'><strong>dedita</strong></span> <span class='ocrx_word' id='word_1_92' title='bbox 1633 1104 1874 1170; x_wconf 82' lang='lat' dir='ltr'><strong>cernant,</strong></span> 
     </span>
     <span class='ocr_line' id='line_1_15' title="bbox 355 1175 1620 1231; baseline -0.001 0"><span class='ocrx_word' id='word_1_93' title='bbox 355 1177 531 1231; x_wconf 88' lang='lat' dir='ltr'><strong>donec</strong></span> <span class='ocrx_word' id='word_1_94' title='bbox 566 1176 824 1230; x_wconf 84' lang='lat' dir='ltr'><strong>discussis</strong></span> <span class='ocrx_word' id='word_1_95' title='bbox 860 1175 1090 1229; x_wconf 86' lang='lat' dir='ltr'><strong>redeant</strong></span> <span class='ocrx_word' id='word_1_96' title='bbox 1128 1176 1405 1230; x_wconf 89' lang='lat' dir='ltr'><strong>erroribus</strong></span> <span class='ocrx_word' id='word_1_97' title='bbox 1440 1176 1513 1229; x_wconf 89' lang='lat' dir='ltr'><strong>ad</strong></span> <span class='ocrx_word' id='word_1_98' title='bbox 1547 1193 1620 1230; x_wconf 90' lang='lat' dir='ltr'><strong>se.</strong></span> 
     </span>
     <span class='ocr_line' id='line_1_16' title="bbox 354 1251 1748 1321; baseline -0.002 -14"><span class='ocrx_word' id='word_1_99' title='bbox 354 1257 414 1307; x_wconf 87' lang='lat' dir='ltr'><strong>at</strong></span> <span class='ocrx_word' id='word_1_100' title='bbox 449 1255 709 1306; x_wconf 88' lang='lat' dir='ltr'><strong>consueta</strong></span> <span class='ocrx_word' id='word_1_101' title='bbox 744 1251 892 1304; x_wconf 88' lang='lat' dir='ltr'><strong>domi</strong></span> <span class='ocrx_word' id='word_1_102' title='bbox 928 1251 1234 1305; x_wconf 82' lang='lat' dir='ltr'><strong>catulorum</strong></span> <span class='ocrx_word' id='word_1_103' title='bbox 1269 1251 1472 1305; x_wconf 87' lang='lat' dir='ltr'><strong>blanda</strong></span> <span class='ocrx_word' id='word_1_104' title='bbox 1506 1267 1748 1321; x_wconf 85' lang='lat' dir='ltr'><strong>propago</strong></span> 
     </span>
    </p>

    <p class='ocr_par' dir='ltr' id='par_1_9' title="bbox 265 1327 2061 1552">
     <span class='ocr_line' id='line_1_17' title="bbox 265 1327 2060 1398; baseline 0.001 -15"><span class='ocrx_word' id='word_1_105' title='bbox 265 1351 332 1384; x_wconf 69' lang='grc' dir='ltr'><strong>ωε</strong></span> <span class='ocrx_word' id='word_1_106' title='bbox 355 1330 632 1383; x_wconf 90' lang='lat' dir='ltr'><strong>discutere</strong></span> <span class='ocrx_word' id='word_1_107' title='bbox 669 1332 727 1383; x_wconf 89' lang='lat' dir='ltr'><strong>et</strong></span> <span class='ocrx_word' id='word_1_108' title='bbox 762 1344 959 1398; x_wconf 88' lang='lat' dir='ltr'><strong>corpus</strong></span> <span class='ocrx_word' id='word_1_109' title='bbox 994 1327 1066 1381; x_wconf 90' lang='lat' dir='ltr'><strong>de</strong></span> <span class='ocrx_word' id='word_1_110' title='bbox 1102 1333 1254 1382; x_wconf 91' lang='lat' dir='ltr'><strong>terra</strong></span> <span class='ocrx_word' id='word_1_111' title='bbox 1289 1328 1564 1396; x_wconf 86' lang='lat' dir='ltr'><strong>corripere</strong></span> <span class='ocrx_word' id='word_1_112' title='bbox 1597 1329 1807 1382; x_wconf 85' lang='lat' dir='ltr'><strong>instant</strong></span> <span class='ocrx_word' id='word_1_113' title='bbox 1987 1345 2060 1384; x_wconf 87' lang='grc'><strong>999</strong></span> 
     </span>
     <span class='ocr_line' id='line_1_18' title="bbox 352 1404 2061 1476; baseline -0.001 -16"><span class='ocrx_word' id='word_1_114' title='bbox 352 1405 583 1476; x_wconf 90' lang='lat' dir='ltr'><strong>proinde</strong></span> <span class='ocrx_word' id='word_1_115' title='bbox 621 1405 778 1474; x_wconf 85' lang='lat' dir='ltr'><strong>quasi</strong></span> <span class='ocrx_word' id='word_1_116' title='bbox 812 1405 1027 1473; x_wconf 87' lang='lat' dir='ltr'><strong>ignotas</strong></span> <span class='ocrx_word' id='word_1_117' title='bbox 1063 1404 1230 1458; x_wconf 88' lang='lat' dir='ltr'><strong>facies</strong></span> <span class='ocrx_word' id='word_1_118' title='bbox 1265 1408 1437 1475; x_wconf 87' lang='lat' dir='ltr'><strong>atque</strong></span> <span class='ocrx_word' id='word_1_119' title='bbox 1471 1421 1568 1458; x_wconf 90' lang='lat' dir='ltr'><strong>ora</strong></span> <span class='ocrx_word' id='word_1_120' title='bbox 1603 1409 1844 1460; x_wconf 83' lang='lat' dir='ltr'><strong>tuantur.</strong></span> <span class='ocrx_word' id='word_1_121' title='bbox 1964 1421 2061 1460; x_wconf 84' lang='lat'>1001</span> 
     </span>
     <span class='ocr_line' id='line_1_19' title="bbox 354 1481 1851 1552; baseline -0.002 -15"><span class='ocrx_word' id='word_1_122' title='bbox 354 1487 414 1537; x_wconf 90' lang='lat' dir='ltr'><strong>et</strong></span> <span class='ocrx_word' id='word_1_123' title='bbox 449 1499 558 1551; x_wconf 92' lang='lat' dir='ltr'><strong>quo</strong></span> <span class='ocrx_word' id='word_1_124' title='bbox 595 1497 846 1551; x_wconf 78' lang='lat' dir='ltr'><strong>quaeque</strong></span> <span class='ocrx_word' id='word_1_125' title='bbox 881 1481 1056 1549; x_wconf 86' lang='lat' dir='ltr'><strong>magis</strong></span> <span class='ocrx_word' id='word_1_126' title='bbox 1092 1484 1223 1534; x_wconf 90' lang='lat' dir='ltr'><strong>sunt</strong></span> <span class='ocrx_word' id='word_1_127' title='bbox 1258 1498 1453 1552; x_wconf 88' lang='lat' dir='ltr'><strong>aspera</strong></span> <span class='ocrx_word' id='word_1_128' title='bbox 1489 1482 1851 1550; x_wconf 89' lang='lat' dir='ltr'><strong>seminiorum,</strong></span> 
     </span>
    </p>

    <p class='ocr_par' dir='ltr' id='par_1_10' title="bbox 309 1557 1906 1627">
     <span class='ocr_line' id='line_1_20' title="bbox 309 1557 1906 1627; baseline -0.001 -14"><span class='ocrx_word' id='word_1_129' title='bbox 309 1585 313 1589; x_wconf 49' lang='lat'><strong>⁴</strong></span> <span class='ocrx_word' id='word_1_130' title='bbox 352 1563 471 1613; x_wconf 87' lang='lat' dir='ltr'><strong>tam</strong></span> <span class='ocrx_word' id='word_1_131' title='bbox 507 1559 679 1627; x_wconf 81' lang='lat' dir='ltr'><strong>magis</strong></span> <span class='ocrx_word' id='word_1_132' title='bbox 714 1558 772 1611; x_wconf 89' lang='lat' dir='ltr'><strong>in</strong></span> <span class='ocrx_word' id='word_1_133' title='bbox 807 1558 1010 1612; x_wconf 85' lang='lat' dir='ltr'><strong>somnis</strong></span> <span class='ocrx_word' id='word_1_134' title='bbox 1046 1557 1242 1611; x_wconf 89' lang='lat' dir='ltr'><strong>eadem</strong></span> <span class='ocrx_word' id='word_1_135' title='bbox 1279 1559 1490 1613; x_wconf 88' lang='lat' dir='ltr'><strong>saevire</strong></span> <span class='ocrx_word' id='word_1_136' title='bbox 1529 1563 1822 1614; x_wconf 86' lang='lat' dir='ltr'><strong>necessust.</strong></span> <span class='ocrx_word' id='word_1_137' title='bbox 1897 1604 1906 1611; x_wconf 87' lang='lat'><strong>.</strong></span> 
     </span>
    </p>

    <p class='ocr_par' dir='ltr' id='par_1_11' title="bbox 339 1634 2056 3224">
     <span class='ocr_line' id='line_1_21' title="bbox 352 1634 1758 1704; baseline 0.001 -17"><span class='ocrx_word' id='word_1_138' title='bbox 352 1638 412 1689; x_wconf 88' lang='lat' dir='ltr'><strong>at</strong></span> <span class='ocrx_word' id='word_1_139' title='bbox 448 1635 631 1689; x_wconf 81' lang='lat' dir='ltr'><strong>variae</strong></span> <span class='ocrx_word' id='word_1_140' title='bbox 665 1634 884 1703; x_wconf 82' lang='lat' dir='ltr'><strong>fugiunt</strong></span> <span class='ocrx_word' id='word_1_141' title='bbox 921 1634 1168 1688; x_wconf 86' lang='lat' dir='ltr'><strong>volucres</strong></span> <span class='ocrx_word' id='word_1_142' title='bbox 1202 1634 1493 1704; x_wconf 90' lang='lat' dir='ltr'><strong>pinnisque</strong></span> <span class='ocrx_word' id='word_1_143' title='bbox 1530 1639 1758 1704; x_wconf 86' lang='lat' dir='ltr'><strong>repente</strong></span> 
     </span>
     <span class='ocr_line' id='line_1_22' title="bbox 352 1710 1714 1779; baseline 0 -15"><span class='ocrx_word' id='word_1_144' title='bbox 352 1710 647 1765; x_wconf 88' lang='lat' dir='ltr'><strong>sollicitant</strong></span> <span class='ocrx_word' id='word_1_145' title='bbox 684 1711 867 1764; x_wconf 88' lang='lat' dir='ltr'><strong>divom</strong></span> <span class='ocrx_word' id='word_1_146' title='bbox 903 1713 1170 1764; x_wconf 88' lang='lat' dir='ltr'><strong>nocturno</strong></span> <span class='ocrx_word' id='word_1_147' title='bbox 1204 1713 1454 1779; x_wconf 88' lang='lat' dir='ltr'><strong>tempore</strong></span> <span class='ocrx_word' id='word_1_148' title='bbox 1490 1711 1652 1775; x_wconf 86' lang='lat' dir='ltr'><strong>lucos,</strong></span> <span class='ocrx_word' id='word_1_149' title='bbox 1712 1775 1714 1777; x_wconf 66' lang='lat'>‚</span> 
     </span>
     <span class='ocr_line' id='line_1_23' title="bbox 351 1785 1674 1855; baseline -0.001 -15"><span class='ocrx_word' id='word_1_150' title='bbox 351 1786 639 1855; x_wconf 86' lang='lat' dir='ltr'><strong>accipitres</strong></span> <span class='ocrx_word' id='word_1_151' title='bbox 677 1802 864 1840; x_wconf 89' lang='lat' dir='ltr'><strong>somno</strong></span> <span class='ocrx_word' id='word_1_152' title='bbox 900 1786 955 1838; x_wconf 92' lang='lat' dir='ltr'><strong>in</strong></span> <span class='ocrx_word' id='word_1_153' title='bbox 991 1786 1102 1839; x_wconf 90' lang='lat' dir='ltr'><strong>leni</strong></span> <span class='ocrx_word' id='word_1_154' title='bbox 1139 1785 1187 1839; x_wconf 91' lang='lat' dir='ltr'><strong>si</strong></span> <span class='ocrx_word' id='word_1_155' title='bbox 1222 1786 1429 1854; x_wconf 85' lang='lat' dir='ltr'><strong>proelia</strong></span> <span class='ocrx_word' id='word_1_156' title='bbox 1462 1802 1674 1855; x_wconf 86' lang='lat' dir='ltr'><strong>pugnas</strong></span> 
     </span>
     <span class='ocr_line' id='line_1_24' title="bbox 351 1861 2055 1930; baseline 0 -14"><span class='ocrx_word' id='word_1_157' title='bbox 351 1863 519 1917; x_wconf 90' lang='lat' dir='ltr'><strong>edere</strong></span> <span class='ocrx_word' id='word_1_158' title='bbox 555 1865 683 1916; x_wconf 90' lang='lat' dir='ltr'><strong>sunt</strong></span> <span class='ocrx_word' id='word_1_159' title='bbox 716 1864 1091 1930; x_wconf 86' lang='lat' dir='ltr'><strong>persectantes</strong></span> <span class='ocrx_word' id='word_1_160' title='bbox 1128 1861 1386 1930; x_wconf 82' lang='lat' dir='ltr'><strong>visaeque</strong></span> <span class='ocrx_word' id='word_1_161' title='bbox 1423 1861 1684 1916; x_wconf 76' lang='lat' dir='ltr'><strong>volantes·</strong></span> <span class='ocrx_word' id='word_1_162' title='bbox 1959 1877 2055 1916; x_wconf 90' lang='lat'>1010</span> 
     </span>
     <span class='ocr_line' id='line_1_25' title="bbox 350 1936 2005 2007; baseline 0 -16"><span class='ocrx_word' id='word_1_163' title='bbox 350 1954 514 2007; x_wconf 89' lang='lat' dir='ltr'><strong>porro</strong></span> <span class='ocrx_word' id='word_1_164' title='bbox 549 1938 830 1990; x_wconf 89' lang='lat' dir='ltr'><strong>hominum</strong></span> <span class='ocrx_word' id='word_1_165' title='bbox 866 1940 1095 2004; x_wconf 87' lang='lat' dir='ltr'><strong>mentes,</strong></span> <span class='ocrx_word' id='word_1_166' title='bbox 1130 1937 1343 2004; x_wconf 85' lang='lat' dir='ltr'><strong>magnis</strong></span> <span class='ocrx_word' id='word_1_167' title='bbox 1382 1953 1522 2005; x_wconf 89' lang='lat' dir='ltr'><strong>quae</strong></span> <span class='ocrx_word' id='word_1_168' title='bbox 1558 1936 1796 1990; x_wconf 87' lang='lat' dir='ltr'><strong>motibus</strong></span> <span class='ocrx_word' id='word_1_169' title='bbox 1831 1937 2005 1992; x_wconf 88' lang='lat' dir='ltr'><strong>edunt</strong></span> 
     </span>
     <span class='ocr_line' id='line_1_26' title="bbox 353 2012 1960 2082; baseline 0 -15"><span class='ocrx_word' id='word_1_170' title='bbox 353 2030 563 2081; x_wconf 81' lang='lat' dir='ltr'><strong>magna,</strong></span> <span class='ocrx_word' id='word_1_171' title='bbox 585 2012 780 2067; x_wconf 85' lang='lat' dir='ltr'><strong>itidem</strong></span> <span class='ocrx_word' id='word_1_172' title='bbox 804 2028 967 2081; x_wconf 86' lang='lat' dir='ltr'><strong>saepe</strong></span> <span class='ocrx_word' id='word_1_173' title='bbox 991 2012 1047 2065; x_wconf 90' lang='lat' dir='ltr'><strong>in</strong></span> <span class='ocrx_word' id='word_1_174' title='bbox 1072 2013 1275 2066; x_wconf 89' lang='lat' dir='ltr'><strong>somnis</strong></span> <span class='ocrx_word' id='word_1_175' title='bbox 1298 2013 1614 2080; x_wconf 87' lang='lat' dir='ltr'><strong>faciuntque</strong></span> <span class='ocrx_word' id='word_1_176' title='bbox 1637 2016 1960 2082; x_wconf 78' lang='lat' dir='ltr'><strong>gerantque,</strong></span> 
     </span>
     <span class='ocr_line' id='line_1_27' title="bbox 352 2088 1749 2158; baseline -0.001 -14"><span class='ocrx_word' id='word_1_177' title='bbox 352 2106 512 2157; x_wconf 85' lang='lat' dir='ltr'><strong>reges</strong></span> <span class='ocrx_word' id='word_1_178' title='bbox 547 2091 879 2156; x_wconf 84' lang='lat' dir='ltr'><strong>expugnant,</strong></span> <span class='ocrx_word' id='word_1_179' title='bbox 918 2088 1222 2156; x_wconf 85' lang='lat' dir='ltr'><strong>capiuntur,</strong></span> <span class='ocrx_word' id='word_1_180' title='bbox 1261 2089 1469 2158; x_wconf 89' lang='lat' dir='ltr'><strong>proelia</strong></span> <span class='ocrx_word' id='word_1_181' title='bbox 1503 2089 1749 2155; x_wconf 87' lang='lat' dir='ltr'><strong>miscent,</strong></span> 
     </span>
     <span class='ocr_line' id='line_1_28' title="bbox 339 2164 1758 2234; baseline -0.001 -14"><span class='ocrx_word' id='word_1_182' title='bbox 339 2166 554 2221; x_wconf 77' lang='lat' dir='ltr'><strong>tollunt</strong></span> <span class='ocrx_word' id='word_1_183' title='bbox 588 2166 878 2220; x_wconf 88' lang='lat' dir='ltr'><strong>clamorem</strong></span> <span class='ocrx_word' id='word_1_184' title='bbox 915 2165 1073 2234; x_wconf 90' lang='lat' dir='ltr'><strong>quasi</strong></span> <span class='ocrx_word' id='word_1_185' title='bbox 1107 2166 1154 2219; x_wconf 92' lang='lat' dir='ltr'><strong>si</strong></span> <span class='ocrx_word' id='word_1_186' title='bbox 1190 2165 1507 2234; x_wconf 84' lang='lat' dir='ltr'><strong>iugulentur</strong></span> <span class='ocrx_word' id='word_1_187' title='bbox 1539 2164 1758 2219; x_wconf 89' lang='lat' dir='ltr'><strong>ibidem.</strong></span> 
     </span>
     <span class='ocr_line' id='line_1_29' title="bbox 351 2241 2056 2311; baseline 0 -15"><span class='ocrx_word' id='word_1_188' title='bbox 351 2243 509 2298; x_wconf 84' lang='lat' dir='ltr'><strong>multi</strong></span> <span class='ocrx_word' id='word_1_189' title='bbox 546 2243 863 2311; x_wconf 85' lang='lat' dir='ltr'><strong>depugnant</strong></span> <span class='ocrx_word' id='word_1_190' title='bbox 897 2243 1250 2311; x_wconf 84' lang='lat' dir='ltr'><strong>gemitusque</strong></span> <span class='ocrx_word' id='word_1_191' title='bbox 1285 2242 1561 2297; x_wconf 83' lang='lat' dir='ltr'><strong>doloribus</strong></span> <span class='ocrx_word' id='word_1_192' title='bbox 1597 2241 1771 2296; x_wconf 90' lang='lat' dir='ltr'><strong>edunt</strong></span> <span class='ocrx_word' id='word_1_193' title='bbox 1961 2257 2056 2296; x_wconf 84' lang='lat'>1015</span> 
     </span>
     <span class='ocr_line' id='line_1_30' title="bbox 352 2318 1612 2389; baseline -0.001 -16"><span class='ocrx_word' id='word_1_194' title='bbox 352 2323 411 2373; x_wconf 90' lang='lat' dir='ltr'><strong>et</strong></span> <span class='ocrx_word' id='word_1_195' title='bbox 447 2319 618 2389; x_wconf 51' lang='lat' dir='ltr'><strong>quasi¹</strong></span> <span class='ocrx_word' id='word_1_196' title='bbox 638 2319 938 2387; x_wconf 86' lang='lat' dir='ltr'><strong>pantherae</strong></span> <span class='ocrx_word' id='word_1_197' title='bbox 972 2335 1158 2373; x_wconf 90' lang='lat' dir='ltr'><strong>morsu</strong></span> <span class='ocrx_word' id='word_1_198' title='bbox 1194 2319 1410 2372; x_wconf 79' lang='lat' dir='ltr'><strong>saevive</strong></span> <span class='ocrx_word' id='word_1_199' title='bbox 1442 2318 1612 2372; x_wconf 88' lang='lat' dir='ltr'><strong>leonis</strong></span> 
     </span>
     <span class='ocr_line' id='line_1_31' title="bbox 351 2394 1831 2463; baseline 0.001 -15"><span class='ocrx_word' id='word_1_200' title='bbox 351 2396 683 2449; x_wconf 88' lang='lat' dir='ltr'><strong>mandantur</strong></span> <span class='ocrx_word' id='word_1_201' title='bbox 717 2395 928 2462; x_wconf 84' lang='lat' dir='ltr'><strong>magnis</strong></span> <span class='ocrx_word' id='word_1_202' title='bbox 964 2395 1290 2450; x_wconf 88' lang='lat' dir='ltr'><strong>clamoribus</strong></span> <span class='ocrx_word' id='word_1_203' title='bbox 1327 2394 1506 2449; x_wconf 87' lang='lat' dir='ltr'><strong>omnia</strong></span> <span class='ocrx_word' id='word_1_204' title='bbox 1540 2394 1831 2463; x_wconf 89' lang='lat' dir='ltr'><strong>complent.</strong></span> 
     </span>
     <span class='ocr_line' id='line_1_32' title="bbox 350 2470 1806 2541; baseline 0.001 -18"><span class='ocrx_word' id='word_1_205' title='bbox 350 2470 510 2524; x_wconf 89' lang='lat' dir='ltr'><strong>multi</strong></span> <span class='ocrx_word' id='word_1_206' title='bbox 547 2471 620 2524; x_wconf 91' lang='lat' dir='ltr'><strong>de</strong></span> <span class='ocrx_word' id='word_1_207' title='bbox 655 2471 866 2538; x_wconf 82' lang='lat' dir='ltr'><strong>magnis</strong></span> <span class='ocrx_word' id='word_1_208' title='bbox 900 2487 1001 2539; x_wconf 89' lang='lat' dir='ltr'><strong>per</strong></span> <span class='ocrx_word' id='word_1_209' title='bbox 1035 2488 1284 2526; x_wconf 89' lang='lat' dir='ltr'><strong>somnum</strong></span> <span class='ocrx_word' id='word_1_210' title='bbox 1322 2471 1474 2526; x_wconf 88' lang='lat' dir='ltr'><strong>rebu&#39;</strong></span> <span class='ocrx_word' id='word_1_211' title='bbox 1509 2472 1806 2541; x_wconf 84' lang='lat' dir='ltr'><strong>loquuntur</strong></span> 
     </span>
     <span class='ocr_line' id='line_1_33' title="bbox 347 2545 1452 2616; baseline 0.003 -17"><span class='ocrx_word' id='word_1_212' title='bbox 347 2545 659 2614; x_wconf 89' lang='lat' dir='ltr'><strong>indicioque</strong></span> <span class='ocrx_word' id='word_1_213' title='bbox 696 2546 779 2599; x_wconf 91' lang='lat' dir='ltr'><strong>sui</strong></span> <span class='ocrx_word' id='word_1_214' title='bbox 814 2546 945 2600; x_wconf 84' lang='lat' dir='ltr'><strong>facti</strong></span> <span class='ocrx_word' id='word_1_215' title='bbox 980 2563 1248 2616; x_wconf 88' lang='lat' dir='ltr'><strong>persaepe</strong></span> <span class='ocrx_word' id='word_1_216' title='bbox 1282 2548 1452 2604; x_wconf 85' lang='lat' dir='ltr'><strong>fuere.</strong></span> 
     </span>
     <span class='ocr_line' id='line_1_34' title="bbox 351 2594 2055 2692; baseline 0 -16"><span class='ocrx_word' id='word_1_217' title='bbox 351 2622 512 2676; x_wconf 86' lang='lat' dir='ltr'><strong>multi</strong></span> <span class='ocrx_word' id='word_1_218' title='bbox 548 2624 784 2674; x_wconf 88' lang='lat' dir='ltr'><strong>mortem</strong></span> <span class='ocrx_word' id='word_1_219' title='bbox 821 2620 1042 2678; x_wconf 88' lang='lat' dir='ltr'><strong>obeunt.</strong></span> <span class='ocrx_word' id='word_1_220' title='bbox 1077 2624 1251 2692; x_wconf 88' lang='lat' dir='ltr'><strong>multi,</strong></span> <span class='ocrx_word' id='word_1_221' title='bbox 1289 2625 1362 2678; x_wconf 91' lang='lat' dir='ltr'><strong>de</strong></span> <span class='ocrx_word' id='word_1_222' title='bbox 1395 2594 1672 2677; x_wconf 86' lang='lat' dir='ltr'><strong>montibus</strong></span> <span class='ocrx_word' id='word_1_223' title='bbox 1706 2621 1836 2675; x_wconf 89' lang='lat' dir='ltr'><strong>altis</strong></span> <span class='ocrx_word' id='word_1_224' title='bbox 1958 2637 2055 2676; x_wconf 81' lang='lat'>10.·0</span> 
     </span>
     <span class='ocr_line' id='line_1_35' title="bbox 349 2695 1727 2768; baseline -0.002 -15"><span class='ocrx_word' id='word_1_225' title='bbox 349 2701 414 2753; x_wconf 88' lang='lat' dir='ltr'><strong>ut</strong></span> <span class='ocrx_word' id='word_1_226' title='bbox 451 2697 546 2768; x_wconf 91' lang='lat' dir='ltr'><strong>qui</strong></span> <span class='ocrx_word' id='word_1_227' title='bbox 581 2695 945 2766; x_wconf 88' lang='lat' dir='ltr'><strong>praecipitent</strong></span> <span class='ocrx_word' id='word_1_228' title='bbox 980 2698 1052 2751; x_wconf 87' lang='lat' dir='ltr'><strong>ad</strong></span> <span class='ocrx_word' id='word_1_229' title='bbox 1087 2703 1294 2753; x_wconf 86' lang='lat' dir='ltr'><strong>terram</strong></span> <span class='ocrx_word' id='word_1_230' title='bbox 1331 2716 1558 2768; x_wconf 91' lang='lat' dir='ltr'><strong>corpore</strong></span> <span class='ocrx_word' id='word_1_231' title='bbox 1593 2700 1727 2764; x_wconf 83' lang='lat' dir='ltr'><strong>toto,</strong></span> 
     </span>
     <span class='ocr_line' id='line_1_36' title="bbox 352 2773 1809 2843; baseline -0.002 -14"><span class='ocrx_word' id='word_1_232' title='bbox 352 2777 714 2829; x_wconf 81' lang='lat' dir='ltr'><strong>externantur</strong></span> <span class='ocrx_word' id='word_1_233' title='bbox 748 2775 807 2825; x_wconf 91' lang='lat' dir='ltr'><strong>et</strong></span> <span class='ocrx_word' id='word_1_234' title='bbox 841 2788 910 2825; x_wconf 84' lang='lat' dir='ltr'><strong>ex</strong></span> <span class='ocrx_word' id='word_1_235' title='bbox 945 2789 1134 2827; x_wconf 91' lang='lat' dir='ltr'><strong>somno</strong></span> <span class='ocrx_word' id='word_1_236' title='bbox 1172 2776 1329 2843; x_wconf 86' lang='lat' dir='ltr'><strong>quasi</strong></span> <span class='ocrx_word' id='word_1_237' title='bbox 1363 2773 1626 2830; x_wconf 90' lang='lat' dir='ltr'><strong>mentibu&#39;</strong></span> <span class='ocrx_word' id='word_1_238' title='bbox 1661 2773 1809 2842; x_wconf 86' lang='lat' dir='ltr'><strong>capti</strong></span> 
     </span>
     <span class='ocr_line' id='line_1_37' title="bbox 350 2848 1666 2921; baseline 0 -17"><span class='ocrx_word' id='word_1_239' title='bbox 350 2851 443 2904; x_wconf 85' lang='lat' dir='ltr'><strong>vix</strong></span> <span class='ocrx_word' id='word_1_240' title='bbox 477 2850 550 2904; x_wconf 90' lang='lat' dir='ltr'><strong>ad</strong></span> <span class='ocrx_word' id='word_1_241' title='bbox 586 2866 645 2902; x_wconf 89' lang='lat' dir='ltr'><strong>se</strong></span> <span class='ocrx_word' id='word_1_242' title='bbox 680 2848 916 2902; x_wconf 89' lang='lat' dir='ltr'><strong>redeunt</strong></span> <span class='ocrx_word' id='word_1_243' title='bbox 950 2851 1185 2917; x_wconf 87' lang='lat' dir='ltr'><strong>permoti</strong></span> <span class='ocrx_word' id='word_1_244' title='bbox 1221 2853 1461 2921; x_wconf 84' lang='lat' dir='ltr'><strong>corporis</strong></span> <span class='ocrx_word' id='word_1_245' title='bbox 1494 2853 1666 2905; x_wconf 86' lang='lat' dir='ltr'><strong>aestu.</strong></span> 
     </span>
     <span class='ocr_line' id='line_1_38' title="bbox 349 2923 1911 2996; baseline 0.001 -16"><span class='ocrx_word' id='word_1_246' title='bbox 349 2927 552 2981; x_wconf 89' lang='lat' dir='ltr'><strong>flumen</strong></span> <span class='ocrx_word' id='word_1_247' title='bbox 586 2928 721 2980; x_wconf 89' lang='lat' dir='ltr'><strong>item</strong></span> <span class='ocrx_word' id='word_1_248' title='bbox 758 2923 950 2978; x_wconf 86' lang='lat' dir='ltr'><strong>sitiens</strong></span> <span class='ocrx_word' id='word_1_249' title='bbox 985 2928 1082 2979; x_wconf 87' lang='lat' dir='ltr'><strong>aut</strong></span> <span class='ocrx_word' id='word_1_250' title='bbox 1114 2926 1325 2981; x_wconf 88' lang='lat' dir='ltr'><strong>fontem</strong></span> <span class='ocrx_word' id='word_1_251' title='bbox 1360 2931 1588 2996; x_wconf 88' lang='lat' dir='ltr'><strong>propter</strong></span> <span class='ocrx_word' id='word_1_252' title='bbox 1624 2942 1911 2981; x_wconf 90' lang='lat' dir='ltr'><strong>amoenum</strong></span> 
     </span>
     <span class='ocr_line' id='line_1_39' title="bbox 351 3002 2051 3072; baseline -0.001 -15"><span class='ocrx_word' id='word_1_253' title='bbox 351 3003 569 3057; x_wconf 87' lang='lat' dir='ltr'><strong>adsidet</strong></span> <span class='ocrx_word' id='word_1_254' title='bbox 603 3005 662 3059; x_wconf 90' lang='lat' dir='ltr'><strong>et</strong></span> <span class='ocrx_word' id='word_1_255' title='bbox 698 3004 874 3056; x_wconf 87' lang='lat' dir='ltr'><strong>totum</strong></span> <span class='ocrx_word' id='word_1_256' title='bbox 908 3017 1078 3069; x_wconf 87' lang='lat' dir='ltr'><strong>prope</strong></span> <span class='ocrx_word' id='word_1_257' title='bbox 1111 3002 1357 3058; x_wconf 86' lang='lat' dir='ltr'><strong>faucibus</strong></span> <span class='ocrx_word' id='word_1_258' title='bbox 1391 3006 1618 3072; x_wconf 89' lang='lat' dir='ltr'><strong>occupat</strong></span> <span class='ocrx_word' id='word_1_259' title='bbox 1652 3018 1886 3058; x_wconf 87' lang='lat' dir='ltr'><strong>amnem.</strong></span> <span class='ocrx_word' id='word_1_260' title='bbox 1955 3018 2051 3056; x_wconf 83' lang='lat'>1025</span> 
     </span>
     <span class='ocr_line' id='line_1_40' title="bbox 350 3078 1704 3149; baseline 0 -15"><span class='ocrx_word' id='word_1_261' title='bbox 350 3079 476 3149; x_wconf 89' lang='lat' dir='ltr'><strong>puri</strong></span> <span class='ocrx_word' id='word_1_262' title='bbox 510 3095 676 3147; x_wconf 86' lang='lat' dir='ltr'><strong>saepe</strong></span> <span class='ocrx_word' id='word_1_263' title='bbox 711 3078 887 3134; x_wconf 86' lang='lat' dir='ltr'><strong>lacum</strong></span> <span class='ocrx_word' id='word_1_264' title='bbox 921 3081 1152 3146; x_wconf 88' lang='lat' dir='ltr'><strong>propter</strong></span> <span class='ocrx_word' id='word_1_265' title='bbox 1186 3078 1233 3133; x_wconf 88' lang='lat' dir='ltr'><strong>si</strong></span> <span class='ocrx_word' id='word_1_266' title='bbox 1266 3095 1330 3133; x_wconf 88' lang='lat' dir='ltr'><strong>ae</strong></span> <span class='ocrx_word' id='word_1_267' title='bbox 1366 3078 1514 3134; x_wconf 89' lang='lat' dir='ltr'><strong>dolia</strong></span> <span class='ocrx_word' id='word_1_268' title='bbox 1546 3082 1704 3134; x_wconf 84' lang='lat' dir='ltr'><strong>curta</strong></span> 
     </span>
     <span class='ocr_line' id='line_1_41' title="bbox 352 3151 1744 3224; baseline -0.001 -14"><span class='ocrx_word' id='word_1_269' title='bbox 352 3172 540 3210; x_wconf 86' lang='lat' dir='ltr'><strong>somno</strong></span> <span class='ocrx_word' id='word_1_270' title='bbox 575 3154 814 3210; x_wconf 81' lang='lat' dir='ltr'><strong>devincti</strong></span> <span class='ocrx_word' id='word_1_271' title='bbox 850 3151 1085 3209; x_wconf 88' lang='lat' dir='ltr'><strong>credunt</strong></span> <span class='ocrx_word' id='word_1_272' title='bbox 1120 3170 1181 3211; x_wconf 90' lang='lat' dir='ltr'><strong>se</strong></span> <span class='ocrx_word' id='word_1_273' title='bbox 1216 3155 1482 3211; x_wconf 84' lang='lat' dir='ltr'><strong>extollere</strong></span> <span class='ocrx_word' id='word_1_274' title='bbox 1517 3158 1744 3224; x_wconf 83' lang='lat' dir='ltr'><strong>vestem,</strong></span> 
     </span>
    </p>
   </div>
  </div>
 </body>
</html>
