2259 3442
1111 97 1185 154 II
1940 99 2023 160 49

303 200 593 268 tangimuS,
630 199 777 254 haud
810 200 921 254 ullo
957 201 1223 255 sentimus
1258 201 1434 256 tincta
1467 203 1667 263 colore.

305 277 455 344 quod
489 276 742 346 quoniam
777 276 934 331 vinco
969 277 1106 346 fieri,
1140 295 1282 332 nune
1317 294 1439 332 esse
1472 279 1681 335 docebo

220 378 282 411 ⁷4³
307 369 375 406 cx
409 354 636 407 ineunte
672 369 805 407 aevo
838 353 987 406 nullo
1021 355 1312 409 coniuncta
1346 354 1541 409 colore.

219 446 282 481 m
307 429 481 487 omnis
515 429 659 484 enim
695 429 843 484 color
876 431 1092 484 omnino
1126 434 1376 486 mutatur
1408 432 1464 486 in
1499 431 1702 499 omnis;

306 506 457 575 quod
489 507 671 561 facere
703 497 853 560 haud
886 506 999 561 ullo
1032 506 1242 561 debent
1272 508 1573 578 primordia
1607 511 1786 578 pacto.
1949 522 2022 565 750

304 583 642 657 immutabile
677 582 821 637 enim
855 582 1119 651 quiddam
1155 600 1416 653 superare
1449 589 1746 654 necessest,

305 675 376 713 ne
410 676 501 714 res
536 659 609 713 ad
641 659 810 714 nilum
843 659 1168 728 redigantur
1201 660 1451 715 funditus
1485 678 1688 716 omnes,

305 752 432 789 nam
468 735 847 806 quodcumque
885 736 997 789 suis
1030 739 1304 790 mutatum
1338 736 1536 791 finibus
1570 738 1700 806 exit,

305 812 558 866 continuo
592 811 695 866 hoe
729 829 878 866 mors
913 814 1001 866 est
1033 812 1177 867 illius
1213 813 1364 881 quod
1396 812 1504 867 fuit
1538 817 1682 868 ante.

303 889 533 956 proinde
567 889 749 943 colore
784 905 916 944 cave
939 890 1235 957 'contingas
1270 890 1477 943 semina
1511 907 1713 958 rerum,
1948 903 2017 945 755

303 980 375 1018 ne
408 964 510 1018 tibi
543 981 634 1019 res
667 965 900 1020 redeant
934 965 1007 1018 ad
1040 965 1212 1018 nilum
1245 965 1494 1019 funditus
1529 983 1730 1021 omnes.
1920 1026 1933 1035 ,

375 1039 673 1095 Praeterea
708 1041 754 1095 si
786 1040 936 1094 nulla
969 1041 1167 1094 coloris
1199 1040 1480 1110 principiis
1514 1044 1602 1096 est
1833 1027 1909 1078 ’Ψ

304 1115 525 1169 reddita
558 1118 754 1170 natura
789 1120 849 1171 et
883 1116 1048 1169 variis
1083 1119 1212 1171 sunt
1245 1116 1499 1186 praedita
1532 1117 1736 1185 formis,

305 1209 338 1246 e
371 1192 568 1259 quibus
602 1209 762 1246 omne
794 1209 969 1261 genus
1003 1192 1237 1260 gignunt
1271 1191 1590 1261 variantque
1623 1192 1833 1248 colores

303 1272 612 1338 propterea,
647 1269 829 1338 magni
863 1268 1010 1339 quod
1045 1268 1220 1321 refert
1253 1269 1459 1323 semina
1492 1285 1738 1340 quaeque
1946 1284 2020 1326 760

305 1361 431 1400 cum
465 1346 662 1414 quibus
697 1348 755 1400 et
789 1343 936 1414 quali
970 1344 1219 1414 positura
1251 1345 1631 1400 contineantur

305 1423 364 1475 et
397 1438 534 1491 quos
566 1422 710 1477 inter
746 1438 806 1476 se
842 1421 980 1475 dent
1013 1424 1196 1474 motus
1232 1420 1619 1490 accipiantque,

303 1499 563 1567 perfacile
597 1496 876 1568 extemplo
911 1497 1182 1552 rationem
1216 1496 1456 1552 reddere
1489 1499 1666 1567 possis

303 1590 402 1627 cur
436 1591 502 1628 ea
535 1591 676 1643 quae
708 1574 866 1642 nigro
899 1573 1105 1628 fuerint
1140 1573 1304 1643 paulo
1338 1576 1467 1628 ante
1501 1575 1697 1643 colore,

303 1666 607 1705 marmoreo
641 1650 761 1705 fieri
794 1649 1007 1720 possint
1042 1649 1280 1704 candore
1313 1653 1573 1720 repente3
1849 1643 1860 1653 ⁶
1941 1667 2016 1710 765

303 1729 367 1780 ut
399 1743 566 1796 mare,
600 1743 723 1780 eum
759 1728 941 1796 magni
974 1727 1322 1780 commorunt
1353 1742 1593 1794 aequora
1624 1729 1790 1797 venti,

302 1803 538 1856 vertitur
570 1802 626 1855 in
661 1819 822 1856 canos
856 1801 1113 1857 candenti
1146 1818 1426 1856 marmore
1458 1802 1669 1858 fluctus.

303 1876 486 1932 dicere
520 1879 664 1932 enim
699 1880 889 1948 possis,
922 1878 1140 1946 nigrum
1176 1877 1337 1946 quod
1371 1894 1535 1947 saepe
1568 1877 1830 1949 videmus,

302 1954 561 2008 materies
594 1954 689 2007 ubi
723 1955 998 2023 permixta
1030 1957 1120 2008 est
1145 1952 1300 2006 illius
1338 1956 1398 2007 et
1431 1953 1566 2007 ordo

301 2028 582 2099 principiis
604 2031 848 2083 mutatus
871 2032 930 2085 et
952 2029 1148 2084 addita
1169 2031 1507 2098 demptaque
1530 2030 1815 2099 quaedam,
1942 2046 2017 2089 770

303 2106 559 2160 continuo
591 2106 653 2160 id
685 2105 805 2160 fieri
839 2110 906 2160 ut
938 2107 1179 2164 candens
1211 2108 1471 2163 videatur
1504 2108 1562 2160 et
1595 2106 1794 2161 album.

303 2182 451 2250 quod
486 2183 533 2237 si
568 2182 831 2237 caci-ideis
866 2187 1186 2239 constarent
1221 2199 1459 2253 aequora
1491 2183 1647 2252 ponti

303 2259 613 2328 seminibus,
647 2259 797 2314 nullo
829 2264 1056 2330 possent
1088 2260 1367 2315 albescere
1400 2262 1577 2330 pacto.

301 2352 429 2390 nam
462 2353 803 2406 quocumque
835 2337 999 2392 medo
1033 2338 1328 2408 perturbes
1362 2336 1580 2391 caerula
1613 2352 1756 2406 quae
1791 2336 1919 2402 sint,

300 2429 597 2481 numquam
619 2413 676 2467 in
699 2429 1061 2468 marmoreum
1085 2417 1316 2484 possunt
1339 2413 1577 2481 migrare
1600 2414 1851 2468 colorem.
1941 2430 2015 2471 775

302 2489 385 2542 sin
420 2489 525 2542 alio
559 2492 726 2557 atquc
761 2488 866 2542 alio
902 2494 1031 2543 sunt
1065 2492 1273 2543 semina
1307 2490 1478 2543 tincta
1513 2490 1694 2544 colore

301 2581 442 2633 quae
476 2566 642 2618 maris
677 2564 917 2618 efficiunt
950 2582 1119 2618 unum
1155 2582 1460 2635 purumque
1492 2566 1743 2631 nitorem,

300 2644 366 2694 ut
401 2656 566 2709 saepe
600 2656 670 2693 ex
705 2639 825 2694 aliis
858 2640 1045 2693 formis
1079 2641 1350 2708 variisque
1384 2641 1574 2709 figuris

302 2717 536 2771 efficitur
570 2715 833 2786 quiddam
867 2714 1199 2784 quadratum
1235 2732 1450 2784 unaque
1485 2715 1677 2784 figura,

301 2792 672 2861 conveniebat,
704 2795 769 2846 ut
802 2792 858 2847 in
893 2791 1164 2861 quadrato
1197 2792 1469 2847 cernimus
1501 2807 1623 2846 esse
1943 2805 2017 2848 780

303 2868 589 2924 dissimiles
622 2871 837 2936 formas,
870 2869 951 2923 ita
983 2885 1211 2923 cernere
1243 2868 1301 2922 in
1335 2883 1571 2934 aequore
1603 2868 1761 2938 ponti

301 2949 400 2998 aut
434 2945 540 2999 alio
573 2946 628 2999 in
666 2946 854 3015 quovis
888 2962 998 2999 uno
1032 2960 1281 3014 puroque
1316 2942 1497 2996 nitore

303 3022 593 3075 dissimiles
626 3021 787 3089 longe
820 3022 967 3077 inter
1003 3038 1063 3076 se
1098 3021 1382 3088 variosque
1418 3018 1640 3074 colores,

299 3101 589 3166 praeterea
621 3096 697 3151 nil
732 3098 976 3154 officiunt
1010 3097 1342 3167 obstantque
1377 3097 1584 3166 figurae

301 3173 589 3229 dissimiles
623 3191 732 3244 quo
766 3175 1095 3242 quadratum
1130 3174 1309 3229 minus
1343 3191 1501 3227 omne
1536 3174 1609 3226 sit
1644 3172 1832 3235 extra3
1940 3180 2014 3221 785
