2259 3442
1101 111 1212 167 111
1933 114 2007 173 77

306 230 559 282 corpore;
595 216 933 282 quapropter
966 214 1201 268 mortale
1236 217 1532 283 utrumque
1567 217 1946 286 putandumst,

304 288 362 342 in
396 290 596 343 multas
630 290 887 358 quoniam
922 290 1096 358 partis
1130 290 1422 344 disciditur
1457 308 1644 360 aeque.

380 366 677 420 Praeterea
711 365 758 419 si
795 365 1100 421 inmortalis
1135 370 1334 421 natura
1368 367 1569 421 animai
1945 385 2018 424 670

307 445 524 497 constat
563 444 623 496 et
658 442 714 495 in
749 458 949 509 corpus
984 442 1334 499 nascentibus
1367 443 1690 513 insinuatur,

309 535 410 572 cur
452 534 617 587 super
651 520 961 580 anteactam
995 521 1238 574 aetatem
1273 520 1586 574 meminisse
1618 521 1909 589 nequimus

306 612 406 649 nec
441 594 674 664 vestigia
706 598 1004 662 gestarum-
1022 612 1208 650 rerum
1243 597 1356 650 ulla
1388 600 1672 655 tenemus?

306 687 431 725 nam
465 671 513 725 si
548 674 704 726 tanto
740 675 960 740 operest
995 672 1161 726 animi
1195 676 1409 728 mutata
1443 677 1707 743 potestas,

306 747 480 802 omnis
515 751 580 802 ut
613 750 860 801 actarum
897 748 1166 804 exciderit
1201 749 1497 811 retinentia
1530 767 1732 819 rerum,
1947 766 2019 806 ⁶75

308 840 430 892 non,
466 827 531 878 ut
566 823 774 894 opinor,
808 824 870 879 id
904 842 938 880 a
957 826 1085 880 »leto
1121 825 1232 879 iam
1265 826 1502 895 longiter
1537 830 1719 893 errat3

308 904 645 969 quapropter
679 901 888 955 fateare
924 905 1203 956 necessest
1239 919 1379 970 quae
1412 903 1520 957 fuit
1554 908 1685 958 ante

305 974 583 1030 interiissc
619 979 678 1030 et
713 993 854 1044 quae
889 993 1032 1030 nunc
1067 980 1156 1030 est
1189 994 1335 1031 nunc
1368 995 1490 1032 esse
1524 983 1782 1033 creatam.

382 1052 680 1106 Praeterea
714 1052 761 1104 si
796 1052 905 1105 iam
938 1053 1187 1120 perfecto
1221 1068 1447 1121 corpore
1481 1054 1637 1108 nobis

304 1126 496 1181 inferri
532 1126 748 1180 solitast
783 1127 946 1180 animi
982 1128 1169 1181 vivata
1202 1131 1450 1195 potestas
1942 1145 2019 1183 oso

306 1206 426 1255 tum
462 1218 587 1255 cum
621 1202 896 1269 gignimur
931 1207 991 1257 et
1025 1203 1176 1257 vitae
1211 1218 1336 1257 cum
1370 1204 1537 1257 limen
1573 1203 1788 1270 inimus,

305 1277 455 1331 haud
488 1279 570 1332 ita
606 1279 960 1333 conveniebat
994 1279 1077 1333 uti
1112 1296 1237 1332 cum
1273 1296 1502 1349 corpore
1537 1283 1596 1335 et
1631 1297 1739 1334 una

304 1371 429 1408 cum
465 1353 726 1409 membris
761 1355 1013 1410 videatur
1047 1356 1103 1409 in
1139 1355 1259 1425 ipso
1294 1357 1558 1425 sanguine
1594 1373 1791 1424 cresse,

305 1431 404 1485 sed
440 1431 592 1485 velut
625 1431 683 1484 in
718 1448 885 1495 cavea
918 1449 1019 1501 per
1055 1449 1114 1486 se
1151 1431 1255 1485 sibi
1290 1433 1476 1487 vivere
1512 1433 1698 1488 solam.

302 1523 543 1556 commu·
564 1523 628 1555 111·
650 1522 800 1555 SENSU
822 1523 1002 1556 coRPUS
1027 1525 1196 1573 ‘rAMBN
1225 1524 1448 1557 AFFLUAT
1472 1524 1608 1558 OHNE
1939 1528 2019 1567 ωδ

212 1613 277 1645 ooo
305 1585 453 1654 quod
488 1586 609 1640 fieri
643 1588 823 1640 totum
859 1590 1051 1641 contra
1083 1588 1372 1642 manifesta
1409 1586 1574 1642 docet
1608 1604 1712 1643 res.

303 1679 540 1731 namque
576 1662 657 1717 ita
692 1679 900 1717 conexa
933 1666 1020 1717 est
1054 1682 1157 1733 per
1191 1680 1358 1719 venas
1393 1664 1603 1718 viscera
1636 1681 1832 1720 nervos

304 1755 550 1807 ossaque,
585 1739 669 1792 uti
705 1739 903 1792 dentes
940 1755 1158 1808 quoque
1196 1756 1357 1794 sensu
1392 1740 1824 1809 participentur-3

304 1830 517 1868 morsus
552 1818 616 1869 ut
651 1815 857 1868 indicat
891 1817 950 1868 et
983 1816 1185 1882 gelidai
1220 1816 1460 1882 stringor
1494 1816 1655 1883 aquai

249 1913 254 1919 ·
305 1893 364 1945 et
398 1890 535 1960 lapis
570 1906 878 1959 oppressus,
915 1888 1084 1943 subiit
1119 1891 1166 1944 si
1202 1907 1233 1943 e
1267 1889 1532 1957 frugibus,
1566 1907 1741 1960 asper.
1943 1907 2018 1946 090

214 1986 280 2019 m
305 1982 478 2036 quare
502 1965 670 2019 etiam
694 1967 864 2034 atque
889 1964 1054 2018 etiam
1073 1982 1253 2033 neque
1271 1964 1494 2031 originis
1513 1981 1634 2019 esse
1653 1967 2017 2035 putandumst

305 2042 553 2111 expertis
590 2041 799 2094 animas
834 2056 935 2095 nec
970 2040 1069 2095 leti
1104 2041 1228 2109 lege
1265 2040 1483 2094 solutas.

304 2134 431 2171 nam
467 2133 646 2186 neque
681 2120 838 2171 tanto
874 2133 1040 2185 opere
1073 2117 1293 2172 adnecti
1326 2117 1570 2185 potuisse
1603 2118 1967 2187 putandumst

214 2209 281 2241 ⁶⁸⁹
304 2193 620 2263 corporibus
654 2193 858 2247 nostris
893 2194 1235 2248 extrinsecus
1268 2192 1583 2261 insinuatas,

302 2286 417 2337 nec,
452 2272 569 2324 tam
604 2273 895 2324 contextae
929 2287 1054 2324 cum
1091 2270 1218 2337 sint,
1255 2269 1407 2323 exire
1440 2269 1700 2324 videntur
1941 2286 2016 2325 eas

302 2345 599 2400 incolumes
634 2362 794 2414 posse
829 2350 887 2402 et
926 2346 1102 2400 salvas
1138 2346 1418 2400 exsolvere
1452 2362 1573 2400 sese

302 2421 553 2474 omnibus
585 2437 619 2475 e
654 2422 837 2476 nervis
872 2427 1041 2491 atque
1077 2422 1292 2476 ossibus
1328 2422 1695 2491 articulisque.

304 2496 454 2565 quod
490 2496 536 2550 si
569 2496 714 2550 forte
748 2501 912 2565 putas
947 2498 1288 2552 extrinsecus
1320 2498 1653 2552 insinuatam

304 2588 625 2640 permanare
660 2571 893 2625 animam
927 2573 1083 2626 nobis
1118 2591 1218 2640 per
1253 2573 1502 2628 membra
1536 2574 1728 2640 solere,

305 2652 459 2703 muto
497 2647 699 2717 quique
734 2647 909 2714 magis
944 2665 1067 2701 cum
1102 2666 1331 2717 corpore
1366 2650 1490 2702 fusa
1525 2649 1746 2717 peribit.
1940 2663 2014 2706 ⁷00

305 2723 455 2790 quod
488 2726 777 2792 permanat
812 2723 958 2777 enim
994 2723 1324 2792 dissolvitur,
1360 2725 1552 2779 interit
1587 2741 1734 2792 ergo·

309 2799 634 2868 dispertitus
670 2799 815 2852 enim
852 2815 951 2868 per
986 2801 1170 2854 caulas
1206 2801 1446 2869 corporis
1481 2800 1656 2854 omnis

261 2941 266 2945 q
304 2878 370 2929 ut
404 2875 573 2943 cibus,
608 2875 665 2929 in
700 2876 947 2930 membra
980 2881 1150 2944 atque
1183 2880 1338 2929 artus
1371 2892 1494 2930 cum
1529 2875 1743 2930 diditur
1776 2877 1967 2943 omnin,

306 2950 539 3020 disperit
572 2955 739 3019 atque
773 2952 935 3005 aliam
970 2958 1224 3005 naturam
1260 2952 1457 3008 sufficit
1491 2968 1561 3007 ex
1595 2969 1670 3018 se,

307 3026 386 3080 sic
413 3026 592 3081 anima
619 3031 788 3097 atque
822 3028 1034 3082 animus
1069 3028 1320 3097 quamvis
1354 3028 1571 3098 integra
1604 3045 1794 3083 recens
1825 3030 1893 3083 in
1941 3041 2015 3082 705

307 3119 504 3172 eorpus
540 3107 689 3172 eunt,
723 3107 909 3159 tamen
944 3106 1001 3159 in
1035 3104 1306 3158 manando
1341 3105 1727 3171 dissoluuntur,

308 3178 441 3231 dum
478 3180 635 3248 quasi
670 3196 771 3249 per
804 3181 987 3235 caulas
1023 3183 1200 3234 omnis
1234 3181 1501 3236 diduntur
1536 3182 1591 3234 in
1627 3186 1783 3235 artus

369 3296 602 3361 Ϋιᾋῑ-ζᾍ,
653 3308 718 3345 ‘J‘
789 3282 898 3341 “⁵0³2
