2259 3442
237 114 274 169 4
1080 112 1113 167 I

228 232 611 269 aerumnarum
648 214 906 281 homines,
940 214 1122 282 aliqua
1155 213 1366 268 ratione
1400 214 1647 269 valerent

227 277 784 360 religionibus'atque
817 290 976 343 minis
1011 288 1279 344 obsistere
1314 293 1515 345 vatum.

230 385 374 422 nunc
408 370 548 423 ratio
584 368 734 421 nulla
768 370 854 420 est
887 365 1151 433 restandi,
1188 367 1339 420 nulla
1373 368 1620 436 facultas,
1872 382 1944 422 110

231 449 485 499 aeternas
521 443 778 513 quoniam
812 458 1018 517 poenas
1052 442 1110 496 in
1145 446 1325 497 morte
1359 443 1733 517 timendum-vt.
1859 470 1896 483 -

231 519 518 589 ignoratur
554 519 700 572 enim
738 535 878 586 quae
913 519 986 571 sit
1021 522 1220 573 natura
1254 519 1468 592 animai,

229 599 362 650 nata
396 596 471 649 sit
505 611 575 648 an
610 598 803 648 contra
835 593 1184 649 nascentibus
1219 595 1540 663 insinuetur,

229 675 289 725 et
324 670 485 724 simul
517 671 759 724 intereat
792 670 1074 726 nobiscum
1107 673 1289 724 morte
1325 670 1598 738 dirempta

225 764 297 801 an
330 746 588 801 tenebras
625 745 754 800 Orci
791 746 934 799 visat
970 749 1266 814 vastasque
1302 746 1522 799 lacunas
1865 764 1939 802 115

229 839 300 876 an
333 823 575 892 pecudes
607 822 741 876 alias
777 821 1039 875 divinitus
1072 820 1315 892 insinuet
1351 837 1426 887 se,

229 898 437 952 Ennius
472 904 537 958 ut
570 901 759 952 noster
793 896 990 952 cecinit
1027 898 1121 966 qui
1156 898 1366 966 primus
1401 912 1630 953 amoeno

229 974 432 1029 detulit
468 992 537 1028 cx
576 974 842 1029 Helicone
876 974 1105 1044 perenni
1132 973 1338 1028 'fronde
1373 989 1642 1040 coronam,

116 1074 155 1123 5„-
227 1067 331 1120 per
363 1051 546 1120 gentis
582 1050 755 1117 Jtalas
789 1050 1073 1105 hominum
1109 1068 1252 1121 quae
1288 1050 1435 1106 clara
1469 1050 1709 1116 clueret3

132 1140 141 1151 ‘
227 1128 333 1182 etsi
367 1130 659 1198 praeterea
693 1130 879 1184 tamen
915 1144 1036 1182 esse
1076 1129 1383 1183 Acherusia
1416 1127 1627 1196 templa
1860 1140 1933 1179 120

229 1205 438 1258 Ennius
473 1204 717 1258 aeternis
753 1206 978 1274 exponit
1015 1205 1266 1260 versibus
1301 1205 1487 1272 edens,

100 1314 133 1339 ⁴.
228 1296 337 1348 quo
372 1296 554 1349 neque
589 1285 949 1349 permaneant
984 1283 1198 1336 animae
1232 1299 1413 1351 neque
1450 1298 1679 1351 corpora
1712 1284 1915 1348 nostra,

227 1357 328 1410 sed
363 1356 634 1426 quaedam
671 1356 971 1410 simulacra·
992 1358 1175 1411 modis
1210 1358 1470 1426 pallentia
1505 1358 1688 1422 miris;

225 1432 375 1487 unde
410 1432 513 1486 sibi
551 1435 799 1491 exortam
837 1449 1055 1500 semper
1087 1432 1335 1485 florentis
1374 1433 1604 1486 Homeri

224 1510 615 1562 commemorat
651 1508 887 1576 speciem
923 1507 1175 1561 lacrimas
1210 1506 1493 1561 effundere
1528 1509 1698 1561 salsas
1860 1524 1930 1562 125

178 1620 187 1645 ,ι
224 1585 467 1654 coepisse
502 1588 561 1638 et
596 1601 780 1638 rerum
816 1587 1070 1637 naturam
1107 1582 1421 1651 expandere
1430 1582 1637 1661 “dictis

226 1664 564 1731 quapropter
600 1661 740 1715 bene
776 1676 900 1714 cum
918 1659 1148 1728 Lsuperis
1184 1658 1256 1712 de
1292 1658 1470 1712 rebus‘
1493 1658 1749 1714 habenda

225 1725 386 1792 nobid
416 1740 502 1791 est
540 1738 699 1803 ratic,
731 1736 861 1791 solis
894 1735 1170 1804 lunaeque
1205 1737 1421 1789 meatus

140 1810 145 1817 ’
225 1832 334 1883 qua
368 1813 503 1867 fiant
538 1814 766 1878 ratione,
804 1816 864 1866 et
900 1829 1010 1882 qua
1045 1812 1098 1866 vi
1135 1828 1387 1882 quaeque
1423 1815 1687 1880 gerantur

224 1890 281 1943 iu
317 1889 497 1956 terris,
533 1892 654 1943 tum
688 1906 814 1943 cum
849 1889 1043 1958 primis
1078 1890 1292 1943 ratione
1328 1888 1509 1957 sagaci
1552 1923 1555 1926 ψ
1855 1905 1929 1945 130

225 1965 376 2020 unde
411 1966 591 2019 anima
626 1969 797 2034 atque
831 1966 999 2019 animi
1036 1969 1255 2021 constet
1289 1969 1487 2020 natura
1521 1965 1837 2034 videndum,

224 2048 284 2096 et
321 2058 464 2112 quae
499 2057 588 2106 res
624 2041 781 2095 nobis
816 2042 1167 2110 vigilantibus
1203 2042 1360 2097 obvia
1394 2047 1612 2098 mentes

225 2118 494 2172 terrificet
529 2117 720 2171 morbo
757 2119 990 2172 adfectis
1027 2134 1326 2187 somnoque
1363 2119 1607 2188 sepultis,

225 2211 452 2248 cernere
487 2194 571 2247 uti
607 2193 892 2248 videamur
927 2210 1021 2248 eos
1057 2194 1359 2263 audireque
1394 2210 1592 2261 coram,
1811 2256 1816 2260 ,

224 2273 403 2325 morte
438 2269 588 2324 obita
623 2286 853 2338 quorum
890 2269 1053 2323 tellus
1089 2269 1440 2338 amplectitur
1475 2285 1610 2324 ossa.
1854 2284 1926 2324 135

296 2347 347 2399 N
351 2363 414 2400 ec
448 2362 537 2398 me
572 2346 737 2410 animi
771 2345 915 2398 fallit
951 2345 1239 2398 Graiorum
1276 2344 1509 2400 obseura
1542 2346 1765 2414 reperta

225 2422 445 2476 difficile
478 2421 773 2475 inlustrare
811 2421 1039 2485 Latinis⁴
1056 2420 1303 2475 versibus
1338 2437 1475 2488 esse,

227 2499 401 2553 multa
434 2498 589 2552 novis
624 2497 807 2551 verbis
844 2497 1168 2565 praesertim
1203 2513 1327 2550 cum
1364 2497 1439 2553 sit
1473 2498 1748 2566 agendum

224 2579 450 2645 propter
483 2578 783 2643 egestatem
820 2573 1037 2642 linguae
1072 2577 1132 2627 et
1167 2590 1353 2627 rerum
1388 2575 1719 2639 novitatem;

225 2653 325 2706 sed
360 2655 457 2706 tua
490 2669 579 2705 me
613 2652 788 2713 virtus
823 2655 1008 2704 tamen
1042 2653 1102 2704 et
1138 2654 1361 2718 sperata
1394 2651 1648 2720 voluptas
1853 2664 1927 2703 140

225 2728 405 2782 suavis
442 2726 714 2782 amicitiae
751 2726 997 2795 quemvis
1035 2726 1265 2781 sufferre
1302 2728 1545 2782 laborem

223 2804 421 2858 suadet
457 2807 514 2857 et
550 2802 760 2856 inducit
795 2806 984 2856 noctes
1020 2803 1248 2871 vigilare
1286 2821 1505 2859 serenas

226 2883 582 2949 quaerentem
615 2878 781 2944 ‚dictis
819 2879 1018 2948 quibus
1053 2884 1112 2933 et
1149 2896 1257 2948 quo
1293 2880 1532 2935 carmine
1569 2880 1792 2935 demum

224 2957 371 3010 clara
402 2959 535 3010 tuae
568 2956 771 3025 possim
806 2955 1183 3025 praepandere
1216 2956 1425 3010 lumina
1459 2957 1648 3024 menti,

172 3090 179 3107 ⁸
225 3049 314 3086 res
349 3032 547 3102 quibus
583 3031 824 3087 occultas
859 3032 1080 3101 penitus
1114 3033 1392 3088 convisere
1427 3035 1615 3103 possis.
1854 3049 1926 3087 145

152 3108 205 3175 35³*
296 3110 461 3164 Hunc
493 3111 666 3179 igitur
699 3114 969 3163 terrorem
1006 3109 1177 3162 animi
1213 3110 1579 3180 tenebrasque
1614 3118 1892 3167 necessest

20 3204 33 3251 j-
70 3188 163 3244 .ίῖ
192 3200 332 3243 μου
365 3187 506 3241 radii
543 3187 674 3242 solis
709 3202 889 3255 neque
923 3185 1106 3239 lucida
1138 3186 1251 3241 tela
1286 3186 1396 3241 diei
