2259 3442
226 93 341 151 168
1041 85 1145 145 VI

221 196 371 265 quod
405 194 452 249 si
489 193 744 263 Iuppiter
777 195 946 263 atque
978 193 1070 248 alii
1102 191 1373 261 fulgentia
1407 186 1522 247 di'vi

221 271 464 327 terrifico
499 271 758 340 quatiunt
792 270 974 324 sonitu
1008 268 1268 323 caelestia
1298 268 1509 336 templa

220 352 281 403 ct
316 348 522 403 iaciunt
540 366 543 370 ’
558 348 741 415 ignem
775 364 882 416 quo
917 346 1210 415 quoiquest
1245 361 1481 415 cumque
1517 344 1789 413 voluptas,

220 442 320 478 cur
355 424 551 495 quibus
587 423 866 477 incautum
902 422 1077 476 scelus
1113 421 1418 477 aversabile
1454 424 1740 493 cumquest
1868 438 1962 477 390

220 519 329 555 non
362 501 573 556 faciunt
606 500 704 555 icti
739 499 985 553 flammas
1018 503 1085 554 ut
1119 499 1352 568 fulguris
1386 498 1575 553 halent

222 581 445 647 pectore
481 577 705 647 perfixo,
744 576 1009 630 documen
1044 575 1367 630 mortalibus
1401 591 1544 641 acre,

222 657 282 709 et
316 654 501 724 potius
534 652 684 706 nulla
718 651 823 706 sibi
858 652 1010 721 turpi
1045 651 1290 706 conscius
1324 652 1382 705 in
1417 668 1480 705 re

222 730 460 784 volvitur
494 729 553 782 in
588 729 822 782 flammis
857 728 1108 781 innoxius
1142 728 1308 796 inque
1343 728 1572 797 peditur

223 806 444 861 turbine
477 805 702 860 caelesti
739 804 923 859 subito
958 808 1245 873 correptus
1281 808 1340 859 et
1373 804 1522 872 igni?
1863 821 1944 859 305

222 900 321 937 cur
356 882 523 936 etiam
557 881 675 935 loca
711 881 826 934 sola
859 883 1060 950 petunt
1094 880 1411 950 frustraque
1446 880 1731 936 laboranti

224 976 294 1012 au
331 962 452 1013 tum
489 958 743 1012 bracchia
780 960 1142 1011 consuescunt
1178 957 1509 1025 firmantque
1544 958 1812 1012 lacertos?

221 1036 279 1089 in
315 1039 575 1104 terraque
609 1035 783 1103 patris
820 1051 920 1088 cur
954 1034 1123 1088 telum
1161 1033 1551 1103 perpetiuntur

224 1112 495 1181 optundi‘!
532 1128 630 1166 cul·
663 1111 783 1181 ipse
820 1111 950 1165 sinit
985 1127 1166 1178 neque
1201 1109 1380 1179 parcit
1415 1111 1471 1164 in
1506 1110 1710 1165 hostis?

222 1187 460 1257 denique
498 1205 597 1242 cur
632 1203 930 1256 numquam
966 1187 1117 1241 caelo
1154 1187 1285 1241 iacit
1322 1187 1563 1256 undique
1596 1204 1734 1257 puro
1859 1202 1965 1243 400-

224 1263 481 1334 Iuppiter
517 1265 584 1317 in
620 1270 795 1317 terras
830 1264 1036 1318 fulmen
1074 1264 1393 1330 sonitusque
1427 1263 1743 1333 profundit?

222 1357 293 1394 an
329 1340 487 1394 simul
524 1358 587 1394 ac
622 1339 797 1398 nubes
835 1356 1159 1408 successere,
1194 1339 1313 1409 ipse
1348 1339 1405 1392 in
1441 1356 1534 1394 eas
1568 1343 1686 1394 tum

224 1416 525 1486 descendit,
560 1432 733 1485 prope
768 1419 833 1470 ut
866 1415 993 1469 hinc
1029 1416 1129 1469 teli
1166 1415 1502 1470 determinet
1537 1417 1711 1470 ictus?

223 1493 282 1547 iu
317 1509 469 1548 mare
505 1510 613 1560 qua
647 1507 813 1561 porro
848 1492 1023 1547 mittit
1060 1492 1306 1547 ratione?
1343 1492 1479 1561 quid
1514 1492 1690 1547 undas

225 1569 410 1637 arguit
445 1572 504 1623 et
538 1568 804 1638 liquidam
838 1567 1038 1621 molem
1076 1585 1405 1637 camposque
1439 1568 1713 1623 natantis?
1862 1584 1934 1623 4⁰5
2001 1632 2015 1639 p

226 1649 513 1715 praeterea
548 1645 593 1698 si
629 1644 747 1698 vult
785 1660 1073 1698 caveamus
1106 1645 1348 1699 fulminis
1381 1646 1570 1714 ictum,

226 1739 326 1776 cur
360 1721 580 1776 dubitat
614 1720 797 1775 facere
829 1723 895 1774 ut
929 1718 1201 1790 possimus
1237 1738 1463 1777 cernere
1499 1722 1758 1775 missum?

226 1799 274 1852 si
309 1814 409 1853 nec
444 1798 719 1868 opinantis
754 1800 938 1852 autem
974 1798 1090 1853 volt
1124 1799 1432 1868 opprimere
1468 1797 1597 1866 igni,

227 1892 327 1929 cur
361 1879 519 1929 tonat
554 1892 625 1929 ex
661 1875 754 1929 illa
789 1878 964 1945 parte,
1001 1879 1066 1930 ut
1101 1875 1275 1929 vitare
1313 1892 1588 1944 queamus,

215 1968 327 2004 ,cur
349 1951 608 2006 tenebras
631 1955 761 2006 ante
784 1954 843 2005 et
866 1951 1120 2005 fremitus
1145 1954 1204 2006 et
1226 1950 1738 2005 murmura-conciti
1863 1965 1935 2004 410

227 2032 288 2081 et
324 2027 483 2081 simul
519 2029 576 2082 in
612 2028 815 2082 multas
850 2028 1027 2096 partis
1062 2029 1158 2097 qui
1195 2027 1422 2082 credere
1457 2027 1631 2097 possis

228 2104 485 2159 mittere?
509 2121 578 2158 an
603 2105 705 2158 hoc
728 2105 874 2159 ausis
897 2121 1194 2173 numquam
1220 2104 1553 2160 contendere
1575 2104 1794 2169 factum,

227 2183 293 2234 ut
328 2180 527 2235 fierent
561 2181 705 2235 ictus
739 2197 849 2235 uno
888 2181 990 2235 sub
1026 2185 1276 2251 tempore
1301 2180 1520 2250 plures?

227 2259 288 2310 at
323 2260 542 2326 saepest
577 2273 804 2311 numero
838 2259 1045 2312 factum
1081 2257 1310 2326 fierique
1344 2261 1637 2325 necessest,

227 2335 293 2385 ut
328 2332 517 2401 pluere
550 2333 606 2385 in
641 2332 829 2386 multis
864 2333 1178 2402 regionibus
1214 2337 1274 2388 et
1308 2334 1509 2388 cadere
1541 2333 1747 2401 imbriS,
1860 2347 1932 2385 415

229 2408 457 2462 fulmina
491 2407 568 2461 sic
603 2425 712 2462 uno
747 2408 870 2461 ficri
906 2409 1008 2463 sub
1044 2414 1294 2480 tempore
1328 2410 1520 2465 multa.

228 2486 509 2554 postremo
545 2500 642 2538 cur
678 2487 866 2539 sancta
901 2486 1068 2539 deum
1104 2486 1336 2541 delubra
1371 2503 1606 2555 suasque

228 2560 457 2615 discutit
491 2560 692 2615 infesto
727 2562 1037 2630 praeclaras
1073 2562 1298 2617 fulmine
1334 2565 1494 2618 sedes

228 2640 289 2691 et
322 2636 465 2693 bene
500 2639 647 2693 facta
682 2638 848 2693 deum
885 2639 1090 2709 frangit
1126 2641 1417 2695 simulacra
1451 2641 1672 2709 suisque

228 2714 405 2769 demit
439 2714 770 2783 imaginibus
803 2714 1039 2769 violento
1076 2717 1298 2771 volnere
1333 2716 1629 2772 honorem?
1864 2728 1936 2767 42⁰

228 2790 451 2856 altaque
486 2806 585 2844 cur
618 2791 941 2860 plerumque
976 2793 1121 2860 petit
1156 2793 1275 2845 loca
1308 2793 1653 2861 plurimaque
1687 2792 1806 2843 eius

229 2864 507 2916 montibus
540 2865 597 2917 in
634 2866 861 2919 summis
895 2868 1127 2934 vestigia
1158 2868 1436 2921 'cernimus
1470 2867 1646 2934 ignis?

300 2937 459 3001 Quod
496 2943 764 3007 superest,
799 2942 1012 2995 facilest
1046 2958 1115 2994 ex
1151 2942 1237 2995 his
1272 2959 1596 3010 cognoscere
1631 2941 1810 3007 rebus,

229 3014 511 3080 presteras
548 3013 680 3066 Grai
718 3031 856 3081 quos
890 3016 963 3069 ab
993 3034 1056 3071 re
1090 3018 1502 3085 nominitarunt‚

229 3086 288 3137 in
320 3101 473 3138 mare
507 3104 615 3152 qua
648 3090 800 3141 missi
835 3092 1058 3145 veniant
1091 3093 1303 3146 ratione
1338 3108 1589 3160 superne.
1862 3107 1934 3146 42⁵

229 3174 354 3191 ”m
392 3160 458 3212 {it
492 3166 556 3213 ut
590 3163 867 3217 interdum
903 3169 1185 3233 tamquam
1222 3167 1459 3219 demissa
1495 3167 1746 3220 columna
