2259 3442
738 438 795 530 Τ.
832 474 1164 531 LUcRETI
1205 475 1395 530 CARI

418 645 579 718 DE
658 602 1098 719 RERUM
1177 644 1712 724 NATURA

420 764 426 770 0
708 834 962 882 LIBER
1006 814 1416 893 QUARTUS.

263 997 342 1087 ᾧ)
951 1015 1156 1047 -*-

149 1061 276 1188 dvx
539 1146 542 1151 ·

57 1197 156 1265 ²00³
211 1172 381 1243 [Avia
416 1174 698 1230 Pieridum
734 1192 968 1245 peragro
1002 1174 1123 1230 loca
1154 1174 1354 1229 nullius
1389 1178 1525 1230 ante

27 1250 115 1327 ’χ’
209 1251 345 1305 trita
380 1251 509 1306 solo,
542 1252 695 1306 iuvat
727 1253 971 1319 integros
1006 1250 1272 1305 accedere
1306 1251 1475 1305 fontis

210 1330 378 1396 atque
411 1328 643 1393 haurire,
680 1328 937 1396 iuvatque
973 1343 1144 1380 novos
1177 1327 1478 1397 decerpere
1509 1328 1675 1382 flores

210 1403 587 1473 insignemque
622 1420 745 1457 meo
781 1404 946 1473 capiti
986 1407 1180 1472 petere
1213 1403 1343 1457 inde
1377 1421 1630 1458 coronam

210 1480 358 1533 unde
393 1482 546 1550 prius
580 1480 714 1533 nulli
750 1479 982 1533 velarint
1017 1483 1267 1548 tempora
1300 1497 1526 1545 musae;
1892 1497 1921 1536 ε

208 1556 446 1625 primum
484 1557 633 1626 quod
667 1556 878 1623 magnis
914 1555 1084 1608 docco
1120 1555 1192 1609 de
1226 1555 1391 1610 rebus
1425 1560 1484 1611 et
1517 1558 1654 1611 artis

208 1632 531 1700 religionum
566 1632 805 1685 animum
840 1631 999 1687 nodis
1035 1631 1318 1687 exsolvere
1351 1650 1538 1703 pergo,

210 1708 412 1763 deinde
446 1708 595 1779 quod
631 1709 862 1764 obscura
896 1708 968 1763 de
1004 1725 1065 1762 re
1100 1712 1216 1764 tam
1252 1709 1436 1764 lucida
1469 1727 1651 1781 pango

209 1785 464 1852 cannina,
499 1802 721 1840 musaeo
757 1786 1077 1854 contingens
1111 1791 1313 1841 cuncta
1344 1786 1546 1857 lepore.

207 1862 269 1916 id
302 1879 519 1931 quoque
554 1863 697 1917 cuim
734 1879 840 1917 non
876 1864 946 1918 ab
980 1863 1130 1920 n‘ulla
1163 1863 1376 1918 ratione
1411 1864 1646 1919 videtur.
1871 1880 1923 1919 ιθ

208 1956 334 1993 nam
374 1941 544 1996 veluti
578 1941 766 2011 pueris
804 1940 1077 1995 absinthia
1110 1946 1294 1995 taetra
1328 1941 1616 1995 medentes

210 2031 332 2070 cum
369 2017 504 2072 dare
538 2022 824 2086 conantur,
858 2019 1012 2089 prins
1047 2034 1171 2072 oras
1205 2017 1401 2087 pocula
1435 2018 1640 2071 circum

210 2093 534 2162 contingunt
567 2096 746 2149 mellis
782 2095 929 2148 dulei
965 2094 1214 2162 flavoque
1248 2093 1476 2161 liquore,

208 2173 275 2223 ut
308 2187 603 2238 puerorum
637 2176 792 2225 aetas
827 2170 1113 2240 inprovida
1147 2169 1464 2223 ludificetur

207 2244 485 2298 labrorum
522 2249 699 2314 tenus,
737 2247 953 2299 interea
987 2247 1246 2314 perpotet
1282 2260 1527 2297 amarum
1871 2261 1922 2298 15

209 2321 448 2374 absinthi
484 2321 704 2375 laticem
744 2320 1088 2390 deceptaque
1120 2336 1230 2373 non
1267 2320 1530 2388 capiatur,

211 2396 311 2451 sed
345 2397 531 2466 potius
566 2398 664 2451 tali
699 2400 864 2467 pacto
898 2400 1152 2450 recreata
1185 2396 1439 2462 valescat,

210 2475 287 2528 sic
322 2490 426 2542 ego
459 2490 619 2542 nune,
655 2473 908 2543 quoniam
942 2473 1081 2528 haec
1114 2472 1258 2528 ratio
1292 2472 1618 2543 plerumque
1651 2473 1873 2531 videtur

208 2550 426 2606 tristior
459 2568 581 2606 esse
615 2551 812 2621 quibus
844 2567 955 2604 non
991 2552 1079 2604 est
1114 2553 1371 2620 tractata,
1405 2554 1666 2621 retroque

208 2627 405 2697 volgus
440 2628 701 2683 abhorret
734 2626 804 2681 ab
839 2626 958 2696 hac,
992 2626 1140 2681 volui
1173 2627 1278 2682 tibi
1315 2628 1713 2698 suaviloquenti
1869 2644 1921 2682 20

210 2705 450 2759 carmine
489 2705 669 2760 Pierio
702 2705 972 2759 rationem
1007 2720 1283 2775 exponere
1317 2708 1562 2770 nostram

211 2784 271 2834 et
308 2780 465 2847 quasi
499 2798 721 2836 musaeo
757 2781 905 2838 dulci
940 2782 1261 2851 contingere
1296 2781 1476 2848 melle,

211 2857 258 2909 si
294 2856 394 2909 tibi
427 2857 574 2910 forte
608 2859 847 2912 animum
883 2860 982 2914 tali
1016 2858 1231 2914 ratione
1265 2861 1457 2913 tenere
1586 2924 1595 2929 ι

210 2931 459 2984 versibus
492 2932 550 2984 in
584 2935 787 2987 nostris
822 2952 1057 3005 possem,
1093 2935 1225 2989 dum
1260 2935 1499 3005 percipis
1535 2949 1748 2987 omnem

210 3011 462 3061 naturam
496 3023 681 3061 rerum
716 3026 781 3063 ac
816 3013 1091 3080 persentis
1125 3012 1419 3066 utilitatem
1427 3009 1461 3080 .]
1870 3025 1919 3063 25

287 3085 474 3150 Atque
511 3083 676 3136 animi
711 3088 964 3151 quoniam
1004 3088 1166 3142 docui
1200 3092 1396 3141 natura
1432 3085 1563 3155 quid
1601 3088 1752 3140 essct

209 3163 271 3212 et
304 3157 501 3226 quibus
536 3174 568 3210 e
602 3158 768 3212 rebus
803 3177 925 3214 cum
964 3179 1193 3232 corpore
1229 3169 1449 3232 compta
1484 3162 1696 3230 vigeret

115 3314 294 3334 ι

11 3362 370 3402 {⁸4
