2259 3442
303 217 365 271 at
402 232 585 289 neque
619 231 728 285 quo
762 218 924 285 pacto
960 214 1276 283 persederit
1307 232 1468 270 umor
1502 218 1665 289 aquai

303 292 540 346 visumst
577 309 676 346 nec
710 306 928 345 rursum
963 308 1072 361 quo
1108 295 1272 361 pacto
1305 292 1512 361 sugerit
1546 298 1717 349 aestu.

304 370 359 422 in
395 385 591 437 parvas
609 434 615 440 μ
630 369 799 436 igitur
834 368 1009 438 partis
1045 369 1390 439 dispergitur
1424 386 1583 424 umor

305 463 442 515 quas
477 446 619 500 oculi
657 445 807 499 nulla
843 449 1071 514 possunt
1107 446 1321 500 ratione
1356 446 1559 501 videre.
1948 461 2020 500 310

306 520 439 591 q'uin
476 522 644 593 etiam
662 522 868 587 ,multis
906 521 1036 576 solis
1075 522 1438 577 redeuntibus
1472 524 1626 578 annis

305 599 500 653 anulus
533 594 591 652 in'
628 598 803 671 digito
840 598 1033 654 subter
1074 602 1336 654 tenuatur
1369 599 1635 667 habendo,

308 675 531 730 stilicidi
565 692 721 729 casus
755 675 996 744 lapidem
1035 680 1207 743 cavat,
1244 693 1415 732 uncus
1450 677 1623 731 aratri

305 752 519 806 ferreus
553 755 764 807 occulte
804 751 1073 807 decrescit
1111 769 1301 807 vom-er
1334 753 1393 806 in
1428 753 1586 820 arvis,
1623 808 1626 813 ⁴

309 832 593 897 strataque
628 829 736 883 iam
774 829 919 898 volgi
954 830 1189 897 pedibus
1230 831 1437 886 detrita
1470 830 1680 884 viarum
1950 843 2023 882 315

309 921 474 959 saxea
507 905 895 974 conspicimus3
945 911 1062 959 tum
1099 909 1291 975 portas
1327 914 1556 976 propter
1591 923 1729 960 aena

311 981 468 1049 signa
501 998 694 1035 manus
729 982 957 1037 dextras
994 982 1296 1037 ostendunt
1330 982 1616 1037 adtenuari
2251 1046 2252 1049 Ἴ

311 1074 475 1126 saepe
510 1058 848 1112 salutantum
884 1061 1041 1112 tactu
1076 1062 1408 1126 praeterque
1442 1064 1782 1129 nieantun1.-e
1795 1063 2001 1135 ,λαίφη
2022 1090 2076 1138 u,
2103 1084 2134 1151 ᾳ
2143 1094 2188 1149 ²!
2251 1116 2252 1125 ἶ

311 1133 446 1187 haec
480 1133 652 1201 igitur
685 1133 874 1204 minui,
911 1149 1035 1188 cum
1073 1134 1184 1187 sint
1220 1132 1440 1202 detrita,
1478 1134 1743 1188 videmus.

314 1209 415 1264 sed
449 1225 591 1278 quae
625 1225 856 1279 corpora
890 1209 1164 1264 decedant
1197 1210 1256 1262 in
1291 1213 1541 1279 tempore
1577 1224 1810 1279 quoque,
1949 1223 2024 1265 32⁰

312 1285 498 1340 invida
530 1286 829 1355 praeclusit
865 1286 1100 1356 spatium
1136 1289 1335 1342 natura
1371 1286 1608 1342 videndi.
1781 1304 1787 1311 ·

314 1365 595 1432 postremo
632 1379 1010 1432 quaecumque
1047 1362 1166 1418 dies
1205 1367 1507 1433 naturaque
1544 1363 1710 1418 rebus

314 1438 580 1510 paulatim
614 1439 826 1507 tribuit,
864 1439 1192 1495 moderatim
1231 1456 1478 1494 crescere
1514 1455 1731 1507 cogenS,

313 1514 463 1569 nulla
495 1519 681 1585 potest
716 1516 993 1571 oculorum
1029 1516 1175 1570 acies
1210 1519 1468 1571 contenta
1503 1516 1682 1583 tueri?
2042 1557 2047 1561 -

316 1608 416 1663 ιιρο
449 1608 615 1662 porro
649 1610 1026 1663 quaecumque
1061 1610 1196 1648 aevo
1231 1593 1513 1662 macieque
1550 1596 1869 1656 senescunt3
1951 1605 2026 1644 325

316 1685 428 1732 nec,
463 1685 615 1724 mare
651 1686 793 1739 quae
827 1670 1145 1738 inpendent,
1179 1686 1339 1739 ‚vesco
1377 1670 1490 1723 sale
1528 1685 1660 1723 saxa
1691 1684 1888 1737 peresa

318 1744 455 1813 quid
490 1762 708 1814 quoque
745 1746 1004 1800 amittant
1037 1746 1095 1801 in
1130 1748 1382 1815 tempore
1416 1761 1643 1799 cernere
1678 1743 1869 1812 possis,

318 1821 637 1889 corporibus
670 1821 845 1875 caecis
879 1821 1051 1888 igitur
1085 1825 1285 1874 natura
1318 1821 1466 1887 gerit
1501 1836 1604 1893 res.

392 1896 508 1949 Nee
544 1900 729 1951 tamen
763 1897 1009 1964 undique
1042 1911 1304 1963 corporea
1339 1883 1545 1963 stipata
1563 1888 1843 1947 'tenentur

322 1972 506 2041 oinnia
540 1975 768 2036 natura;
815 1987 1050 2039 namque
1087 1974 1176 2024 est
1208 1970 1264 2023 in
1300 1970 1467 2026 rebus
1503 1970 1677 2023 inane.
1807 1982 2029 2022 ..fl-”330

323 2047 474 2116 quod
507 2047 611 2102 tibi
645 2062 908 2115 cognosse
943 2045 999 2098 in
1033 2046 1223 2102 multis
1257 2046 1365 2101 erit
1399 2045 1538 2101 utile
1574 2045 1741 2098 rebus

321 2140 423 2177 nee
458 2124 602 2178 sinet
637 2127 912 2193 errantem
949 2123 1207 2178 dubitare
1242 2127 1301 2189 et
1337 2138 1601 2193 quaerere
1638 2137 1857 2190 semper

324 2199 397 2254 de
433 2215 644 2254 summa
677 2216 863 2255 rerum
898 2203 958 2256 ct
991 2200 1196 2255 nostris
1232 2199 1483 2254 diffidere
1519 2199 1695 2254 dictis.

324 2292 425 2330 QUA
446 2291 656 2325 PROPTER
676 2293 824 2326 Locus
845 2293 930 2326 1381·
950 2292 1187 2326 manevus
1209 2292 1365 2326 INANE
1386 2291 1677 2330 VACANSQUss

325 2352 474 2422 quod
510 2353 556 2407 si
575 2345 698 2406 vnon
733 2358 894 2421 esset,
930 2353 1081 2407 nulla
1115 2353 1328 2407 ratione
1361 2353 1567 2407 moveri
1958 2364 2031 2403 335

323 2445 413 2482 res
435 2434 702 2497 ‚possent3
727 2423 982 2499 'namque
1017 2429 1252 2483 officium
1287 2428 1437 2498 quod
1472 2427 1714 2498 eorporis
1748 2429 1948 2494 exstat,

326 2505 542 2558 officere
577 2508 746 2573 atque
781 2505 1016 2572 obstare,
1053 2505 1113 2559 id
1148 2506 1205 2560 in
1239 2506 1384 2559 omni
1419 2509 1669 2574 tempore
1704 2503 1929 2558 adesset

327 2579 609 2645 omnibus;
654 2579 803 2634 haud
836 2581 1007 2648 igitur
1043 2581 1337 2651 quicquam
1372 2581 1674 2651 procedere
1707 2582 1910 2648 posset,

325 2656 652 2726 principium
687 2658 942 2727 quoniam
977 2656 1212 2711 cedendi
1247 2658 1406 2711 nulla¹
1427 2657 1731 2740 thffgs.

327 2737 389 2791 at
421 2749 567 2788 nunc
600 2748 700 2802 per
733 2732 904 2786 maria
938 2749 1002 2786 ac
1038 2736 1216 2786 terras
1252 2733 1595 2801 sublimaque
1630 2731 1767 2786 caeli
1961 2745 2036 2786 340

329 2809 504 2863 multa
536 2808 715 2863 modis
748 2807 938 2863 multis
972 2808 1124 2862 varia
1158 2809 1372 2862 ratione
1407 2808 1612 2862 moveri

331 2885 603 2939 cernimus
638 2888 768 2940 ante
803 2885 1000 2950 oculos,
1038 2900 1198 2954 quae,
1237 2885 1284 2938 si
1319 2901 1426 2938 non
1463 2887 1610 2937 esset
1643 2883 1820 2952 inane,

332 2977 438 3013 non
475 2963 590 3014 tam
626 2961 859 3015 sollicito
895 2964 1049 3014 motu
1085 2961 1302 3029 privata
1337 2964 1589 3014 carerent

335 3053 497 3106 quam
531 3037 719 3104 genita
752 3037 970 3090 omnino
1006 3036 1157 3091 nulla
1191 3036 1403 3092 ratione
1440 3036 1689 3102 fuissent,

333 3112 574 3180 undique
609 3114 869 3167 materies
906 3114 1162 3182 quoniam
1198 3113 1403 3182 stipata
1438 3112 1695 3181 quiesset.
1967 3123 2040 3162 345

334 3192 620 3259 praetcrea
655 3189 901 3258 quamvis
937 3190 1143 3245 solidae
1180 3207 1268 3245 rcs
1304 3206 1425 3244 esee
1460 3190 1740 3256 putentur,

1831 3290 1872 3309 Q
