2259 3442
217 86 332 144 134
1051 82 1109 138 V

210 188 482 257 significat
517 189 739 256 Pontos,
772 204 927 243 mare
959 188 1112 242 cert-o
1147 186 1297 255 quod
1330 186 1454 241 fluit
1488 192 1644 242 aestu

210 283 379 319 unum
414 265 635 320 labendi
671 282 996 319 conservans
1032 280 1205 332 usque
1241 267 1502 318 tenorem.

281 342 550 411 [Motibus
585 346 857 395 astrorum
894 357 1034 393 nunc
1071 357 1214 409 quae
1250 340 1324 395 sit
1357 357 1520 395 eausa
1553 358 1823 398 canamus

209 417 476 486 principio
512 434 742 486 magnus
777 416 912 471 caeli
949 417 995 470 si
1030 416 1274 470 vortitur
1307 415 1469 485 orbis,
1837 435 1913 475 510

208 510 277 547 ex
312 496 549 563 utraque
583 494 769 562 polum
805 493 951 562 parti
985 509 1237 562 premere
1272 510 1402 547 aera
1435 494 1596 548 nobis

208 569 503 624 dicendum
538 574 627 624 est
659 573 928 637 extraque
962 573 1156 624 tenere
1191 573 1251 625 et
1285 570 1542 625 claudere
1575 572 1886 641 utrimque3

203 645 334 700 inde
368 646 535 700 alium
571 662 738 715 supra
769 646 944 700 fluere
978 650 1149 715 atque
1183 646 1472 702 intendere
1507 648 1703 702 eodem

206 739 314 791 quo
349 722 615 776 volvenda
648 723 855 777 micant
875 719 1103 777 'aeterni
1142 723 1326 777 sidera
1358 724 1580 790 mundi3

205 801 302 852 aut
336 798 500 852 alium
540 801 745 866 supter,
782 800 974 853 contra
1008 799 1104 868 qui
1142 799 1413 855 subvehat
1446 801 1653 869 orbem,
1834 815 1910 855 515

202 877 269 928 ut
304 873 496 934 fluvios
530 891 750 929 versare
785 878 936 930 rotas
971 878 1140 943 atque
1175 875 1403 930 haustra
1436 877 1699 931 videmus.

203 953 291 1005 est
327 950 495 1005 etiam
530 968 746 1021 quoque
782 952 863 1007 uti
897 951 1072 1021 possit
1106 952 1316 1007 caelum
1352 968 1512 1007 omne
1547 970 1769 1010 manere

200 1026 259 1080 in
293 1027 545 1096 statione,
580 1032 767 1083 tamen
801 1045 925 1082 eum
961 1028 1143 1082 lucida
1175 1029 1329 1097 signa
1353 1030 1634 1096 ferantur3

203 1103 318 1158 sive
354 1104 503 1173 quod
538 1105 730 1159 inclusi
767 1104 947 1174 rapidi
985 1107 1115 1159 sunt
1148 1105 1389 1160 aetheris
1425 1110 1612 1161 aestus

203 1184 638 1250 quaerentesque
672 1181 817 1235 viam
851 1181 1057 1238 circum
1092 1186 1382 1236 versantur
1416 1186 1477 1237 et
1510 1183 1666 1251 ignes
1833 1197 1907 1238 520

201 1258 404 1324 passim
439 1275 539 1327 per
574 1258 711 1312 caeli
747 1259 970 1314 volvunt
1002 1258 1260 1311 immania
1294 1259 1503 1327 templa
1517 1280 1535 1324 3

203 1332 317 1387 sive
352 1333 569 1388 aliunde
605 1333 780 1388 fluens
814 1334 1068 1388 alicunde
1103 1334 1444 1388 extrinsecus
1479 1351 1577 1389 aer

200 1413 386 1463 versat
420 1426 587 1477 agens
621 1411 792 1477 ignis;
828 1411 941 1465 sive
975 1411 1077 1479 ipsi
1113 1427 1338 1479 serpere
1372 1415 1600 1480 possunt

201 1502 309 1552 quo
343 1486 606 1555 cuiusque
640 1485 794 1540 cibus
827 1489 989 1541 vocat
1022 1490 1192 1554 atque
1227 1487 1425 1541 invitat
1461 1488 1658 1555 euntiS,

199 1561 451 1615 flammea
485 1579 585 1630 per
619 1563 842 1616 caelum.
864 1563 1140 1632 pascentis
1175 1580 1402 1632 corpora
1435 1565 1653 1632 passim.
1826 1580 1900 1619 525

198 1654 322 1691 nam
360 1638 497 1707 quid
530 1638 587 1691 in
623 1638 726 1693 hoc
760 1639 965 1693 mundo
1001 1640 1076 1694 sit
1109 1656 1298 1694 eorum
1333 1656 1538 1709 ponere
1571 1644 1783 1696 certum

199 1714 418 1768 difficile
453 1718 569 1781 est3
603 1716 703 1770 sed
740 1716 875 1784 quid
908 1716 1084 1784 possit
1117 1717 1326 1784 fiatque
1360 1733 1462 1785 per
1495 1734 1657 1773 omne

197 1791 255 1844 in
290 1791 454 1845 variis
489 1792 708 1847 mundis
743 1793 895 1847 varia
930 1792 1143 1847 ratione
1179 1793 1395 1860 creatis,

198 1867 259 1921 id
296 1868 467 1922 doceo
501 1869 784 1938 plurisque
820 1886 1021 1938 sequor
1057 1870 1350 1938 disponere
1383 1886 1589 1939 causas,

197 1944 438 1999 motibus
474 1948 746 1999 astrorum
783 1963 923 2014 quae
956 1946 1170 2013 possint
1205 1962 1326 2000 csso
1361 1962 1467 2015 per
1499 1962 1690 2012 omne3
1826 1962 1901 2002 530

196 2037 229 2074 e
254 2020 451 2089 quibus
474 2038 585 2075 una
608 2025 795 2076 tamen
819 2022 893 2076 sit
914 2023 971 2075 in
993 2022 1096 2077 hoc
1119 2038 1338 2091 quoque
1361 2038 1525 2078 causa
1547 2028 1825 2078 necessest

198 2113 339 2164 quae
375 2102 572 2166 vegeat
607 2102 817 2152 motum
852 2099 1049 2167 signis3
1084 2098 1186 2152 sed
1220 2115 1362 2167 quae
1397 2099 1471 2152 sit
1505 2115 1695 2153 earum

195 2174 511 2243 praecipere
546 2174 1010 2243 hautquaquamst
1043 2175 1407 2244 pedetemtim
1441 2175 1876 2244 progredientis]

265 2250 543 2319 Terraque
576 2253 643 2304 ut
674 2251 730 2304 iu
767 2250 948 2304 media
980 2251 1174 2305 mundi
1209 2252 1431 2319 regione
1467 2252 1729 2321 quiescat,

194 2342 518 2380 evanescere
552 2325 815 2395 paulatim
852 2330 912 2381 et
946 2326 1268 2382 decrescere
1302 2328 1518 2397 pondus
1825 2343 1899 2382 535

193 2404 459 2471 convenit,
496 2405 664 2471 atque
699 2403 862 2456 aliam
897 2405 1151 2458 naturam
1188 2408 1379 2473 supter
1415 2404 1619 2459 habere

191 2494 261 2531 ex
296 2479 519 2534 ineunte
553 2495 686 2533 aevo
721 2479 1062 2534 coniunctam
1098 2484 1266 2549 atque
1299 2481 1484 2536 uniter
1518 2485 1704 2550 aptam

191 2555 441 2623 partibus
476 2555 638 2610 aeriis
671 2556 863 2610 mundi
899 2556 1099 2626 quibus
1132 2558 1301 2612 insita
1333 2558 1485 2612 vivit.

190 2635 485 2701 propterea
519 2649 625 2686 non
661 2636 749 2687 est
784 2634 937 2687 oneri
973 2650 1154 2702 neque
1188 2634 1455 2703 deprimit
1490 2651 1681 2698 auras3

191 2711 258 2762 ut
293 2724 390 2762 sua
424 2709 622 2778 cuique
655 2709 858 2763 homini
892 2710 1042 2765 nullo
1078 2713 1208 2764 sunt
1242 2710 1486 2779 pondere
1521 2709 1770 2764 membra
1825 2725 1900 2765 510

192 2799 293 2836 nec
327 2788 493 2851 caput
527 2788 615 2838 est
649 2785 820 2838 oneri·
834 2786 973 2839 collo
1008 2802 1110 2840 nec
1147 2786 1384 2856 denique
1418 2790 1599 2841 totum

191 2859 434 2925 corporis
468 2859 526 2911 in
561 2860 796 2927 pedibus
829 2862 1043 2929 pondus
1079 2861 1346 2916 sentimus
1380 2863 1591 2928 inesse;

190 2935 252 2985 at
287 2939 663 3001 quaecumque
692 2936 826 2989 foris
859 2938 1087 2992 veniunt
1121 2939 1449 3007 inpostaque
1482 2939 1640 2993 nobis

188 3007 436 3075 pondera
471 3013 600 3062 sunt
633 3010 895 3079 laedunt‚·
911 3014 1187 3080 permulto
1223 3031 1386 3083 saepe
1421 3015 1643 3068 minora.

190 3099 366 3150 usque
400 3082 540 3136 adeo
573 3086 756 3152 magni
792 3088 965 3142 refert
1001 3089 1135 3157 quid
1171 3106 1421 3158 quaeque
1456 3094 1614 3145 sueat
1648 3106 1755 3147 res.
1821 3108 1897 3147 545

191 3158 270 3199 ⁶2³⁰-
303 3157 475 3225 igitur
508 3158 672 3212 tellus
706 3177 814 3214 non
849 3166 937 3217 est
970 3164 1148 3217 aliena
1181 3168 1410 3233 repente
