2259 3442
1100 90 1245 146 1111
1902 95 2014 150 115

317 197 483 266 inque
517 197 637 251 dies
671 196 850 265 gliscit
886 197 1037 249 furor
1072 198 1242 263 atque
1277 213 1535 249 aerumna
1568 199 1853 265 gravescit,

317 274 366 325 si
400 290 505 326 nou
541 273 719 343 prima
751 271 904 325 novis
938 270 1229 326 conturbes
1272 271 1486 325 volnera
1520 273 1693 340 1⁷›lagis
1922 288 2019 329 1070

316 349 710 420 volgivagaque
745 365 915 417 vagus
955 348 1174 403 Venere
1207 352 1334 405 ante
1379 348 1613 402 recentia
1651 363 1811 401 cures

315 432 413 483 aut
448 429 553 482 alio
588 426 764 496 possis
797 424 963 478 animi
999 424 1292 478 traducere
1327 427 1522 478 motus.

387 506 439 558 N
443 522 505 559 ee
541 503 776 557 Veneris
810 502 996 555 fructu
1031 504 1184 554 caret
1218 501 1266 554 is
1302 500 1396 569 qui
1431 500 1576 555 vitat
1608 517 1866 570 amorem,

318 581 417 636 sed
453 581 637 651 potius
672 596 813 648 quae
850 581 978 632 sunt
1012 578 1130 631 sine
1166 593 1343 647 poena
1376 577 1662 632 commoda
1697 579 1879 633 sumit.

316 675 443 711 nam
480 661 629 711 certe
662 658 856 726 purast
892 653 1035 708 sanis
1069 653 1246 721 magis
1282 651 1411 706 inde
1445 654 1695 722 voluptas
1918 669 2015 712 1075

318 750 484 802 quam
518 732 744 787 miseris
780 731 981 786 etenim
1017 729 1271 800 potiundi
1306 732 1555 801 tempore
1591 731 1647 785 in
1683 731 1801 801 ipso

316 810 547 864 fluctuat
582 806 805 864 incertis
842 807 1120 862 erroribus
1157 805 1322 860 ardor
1356 810 1635 861 amantum

317 903 419 940 nec
454 890 668 940 constat
704 885 840 955 quid
872 883 1111 954 primum
1148 883 1315 936 oeulis
1349 882 1706 952 manibusque
1739 884 2004 940 fruantur.

318 962 466 1030 quod
500 962 728 1030 petiere,
763 963 1022 1030 premunt
1055 962 1179 1012 arte
1215 959 1530 1024 faciuntque
1566 958 1807 1013 dolorem

317 1037 560 1105 eorporis
594 1040 652 1090 et
685 1037 880 1090 dentes
913 1035 1153 1094 inlidunt
1193 1050 1350 1100 saepe
1387 1031 1598 1086 labellis
1919 1050 2020 1089 1080

318 1113 607 1181 osculaque
641 1111 922 1179 adfligunt,
959 1111 1088 1178 quia
1120 1126 1230 1163 non
1265 1112 1352 1162 est
1387 1124 1526 1177 pura
1561 1109 1811 1179 voluptas

319 1192 378 1244 et
413 1189 618 1242 stimuli
653 1187 886 1242 subsunt
920 1187 1016 1255 qui
1049 1186 1316 1252 instigant
1352 1184 1571 1239 laedere
1605 1184 1664 1238 id
1699 1185 1879 1255 ipsum

317 1264 696 1335 quodcumque
732 1267 832 1328 est,
869 1263 1048 1316 rabies
1081 1262 1230 1315 unde
1265 1261 1420 1314 illaec
1448 1260 1702 1329 ⁴germina
1737 1267 1982 1330 surgunt.

318 1341 418 1396 sed
452 1342 648 1396 leviter
680 1356 883 1410 poenas
917 1339 1121 1405 frangit
1158 1337 1348 1391 Venus
1382 1337 1527 1392 inter
1561 1353 1802 1391 amorem

315 1418 625 1488 blandaque
660 1418 902 1472 refrenat
937 1432 1149 1468 morsus
1184 1412 1433 1467 admixta
1465 1414 1733 1482 voluptas.
1922 1429 2018 1469 1085

316 1511 552 1564 namque
588 1493 645 1548 in
680 1510 747 1547 eo
783 1509 908 1561 spes
943 1495 1044 1557 cst,
1078 1491 1226 1544 unde
1261 1494 1349 1545 est
1384 1490 1597 1544 ardoris
1633 1491 1800 1558 (wige,

318 1571 583 1640 restingui
621 1585 838 1640 quoque
870 1585 1033 1639 posse
1068 1568 1140 1621 ab
1175 1568 1370 1623 eodeni
1406 1583 1634 1637 corpore
1668 1567 1961 1621 flammam.

316 1648 466 1715 quod
499 1647 619 1700 fieri
654 1650 845 1701 contra
879 1649 1059 1701 totum
1094 1648 1291 1698 natura
1327 1647 1626 1714 repugnat3

315 1740 535 1792 unaque
552 1739 641 1776 res
658 1723 793 1776 haec
813 1724 915 1787 est,
935 1721 1089 1776 cuius
1106 1738 1280 1788 quom
1298 1737 1458 1788 quam
1479 1720 1712 1788 plurima
1728 1717 2008 1786 habemuS,

317 1803 438 1854 tum
474 1799 647 1866 magis
684 1797 924 1851 ardescit
958 1797 1080 1851 dira
1114 1796 1423 1865 cuppedine
1458 1800 1662 1863 pectus.
1921 1809 2016 1849 1090

316 1893 443 1930 nam
478 1875 631 1929 cibus
665 1876 834 1942 atque
868 1889 1026 1926 umor
1059 1870 1321 1924 membris
1357 1871 1665 1924 adsumitur
1699 1870 1848 1924 intus
1863 1891 1878 1938 ;

317 1968 459 2021 quae
494 1949 753 2020 quoniam
788 1952 969 2003 certas
1003 1949 1234 2015 possunt
1269 1946 1522 1999 obsidere
1558 1946 1747 2014 partis,

318 2029 421 2082 hoe
455 2027 614 2080 facile
650 2025 905 2094 expletur
937 2024 1162 2078 laticum
1195 2021 1524 2090 frugumque
1560 2021 1775 2089 cupido.

252 2141 259 2147 -
319 2123 389 2159 ex
424 2103 657 2158 hominis
691 2118 820 2156 vcro
854 2101 994 2154 facie
1028 2099 1365 2169 pulchroque
1400 2098 1581 2152 colore

317 2182 392 2235 nil
429 2181 595 2235 datur
628 2178 686 2232 in
721 2194 917 2247 eorpus
952 2179 1177 2246 praeter
1213 2174 1502 2228 simulacra
1535 2173 1830 2237 fruendum
1921 2190 2019 2230 1095

318 2258 530 2324 tenvia3
567 2273 708 2326 quae
743 2259 905 2309 vento
941 2270 1067 2323 spes
1102 2254 1318 2321 raptast
1354 2266 1518 2320 saepe
1553 2250 1778 2305 misella.

318 2339 382 2387 ut
417 2333 606 2387 bibere
640 2332 696 2386 in
733 2331 931 2385 somnis
967 2329 1159 2383 sitiens
1195 2343 1360 2396 quom
1395 2326 1613 2395 quaerit
1647 2331 1708 2382 et
1742 2344 1900 2383 umor

318 2426 427 2463 non
465 2409 644 2475 datur,
681 2408 931 2461 ardorem
969 2406 1063 2475 qui
1099 2403 1362 2458 membris
1398 2403 1677 2471 stinguere
1711 2405 1900 2475 possit,

320 2485 418 2540 sed
453 2484 674 2537 laticum
712 2482 998 2536 simulacra
1031 2482 1174 2550 petit
1207 2481 1521 2549 frustraque
1554 2479 1769 2535 laborat

314 2562 374 2615 in
408 2559 698 2627 medioque
734 2558 851 2612 sitit
887 2556 1116 2611 torrenti
1154 2556 1379 2610 flumine
1415 2559 1626 2624 potans,
1920 2571 2016 2612 1100

318 2639 396 2692 sie
430 2636 487 2690 in
525 2650 708 2689 amore
745 2633 934 2687 Venus
970 2632 1272 2686 simulacris
1307 2632 1450 2685 ludit
1485 2632 1720 2686 amantis

318 2730 420 2768 nec
457 2711 657 2766 satiare
694 2711 903 2778 queunt
939 2708 1238 2777 spectando
1273 2724 1500 2777 corpora
1535 2723 1717 2761 coram

318 2806 419 2845 nee
454 2786 703 2842 manibus
741 2783 1030 2853 quicquam
1069 2785 1272 2837 teneris
1308 2783 1576 2838 abradere
1610 2784 1870 2839 membris

318 2868 551 2936 possunt
586 2866 834 2917 errantes
869 2859 1065 2913 incerti
1100 2876 1325 2925 corpore
1359 2864 1493 2914 tote.

322 2941 555 3009 denique
591 2956 714 2994 cum
750 2935 1012 2990 membris
1047 2935 1277 2990 conlatis
1313 2935 1446 2989 flore
1483 2935 1742 2991 fruuntur
1926 2951 2022 2989 1105

321 3018 533 3083 aetatis,
569 3016 678 3069 iam
714 3031 838 3070 cum
873 3014 1154 3083 praesagit
1186 3012 1390 3081 gaudia
1424 3029 1620 3081 corpus

322 3097 490 3163 atque
524 3093 581 3146 in
615 3096 735 3147 eost
771 3090 962 3144 Venus
994 3092 1060 3144 ut
1094 3089 1380 3144 muliebria
1414 3092 1667 3143 conserat
1700 3104 1845 3155 arva,

322 3169 573 3237 adfigunt
607 3167 767 3222 avide
801 3181 1000 3237 corpus
1032 3166 1375 3234 iunguntque
1411 3164 1609 3218 salivas
