2259 3442
266 92 347 151 58
1087 86 1161 145 II

262 194 628 267 primigenum
660 192 827 246 maris
861 194 924 246 et
956 193 1142 247 terrae
1176 191 1410 260 solisque
1443 197 1695 249 eoortum
1766 210 1773 217 ·

264 271 457 326 addita
490 284 722 339 corpora
755 270 882 322 sunt
916 266 1272 336 extrinsecae,
1305 267 1498 323 addita
1531 270 1737 325 circum
1774 222 1821 315 J
1902 264 1926 332 ,Ι
1946 270 1993 301 ‘¹‘
2014 268 2119 341 227,

266 348 475 402 semina
509 363 647 415 quae
665 360 937 412 magnum
970 343 1257 398 iaculando
1291 344 1521 398 contulit
1555 362 1746 411 omne;
1992 354 2007 363 '
2040 360 2063 385 ν

263 424 409 478 unde
444 440 596 477 mare
629 424 689 476 et
723 425 905 475 terrae
937 423 1164 489 possent
1198 436 1491 489 augescere
1525 425 1585 475 et
1617 422 1766 477 un'de

262 502 558 570 appareret
592 497 828 567 spatium
864 496 1001 551 caeli
1035 495 1231 551 domus
1264 496 1483 565 altaque
1516 502 1671 553 tecta
1879 516 1982 559 1110

262 575 485 630 tolleret
519 592 553 629 a
585 574 750 628 terris
784 573 973 643 procul
1007 577 1068 628 et
1101 577 1460 641 consurgeret
1491 591 1603 629 aer.

262 668 387 704 nam
423 668 522 705 sua
555 651 750 719 cuique
783 649 915 705 locis
948 666 1016 704 ex
1052 649 1302 704 omnibus
1334 650 1514 704 omnia
1544 650 1723 720 plagis

262 743 491 796 corpora
525 726 925 780 distribuuntur
960 728 1018 781 et
1050 726 1124 780 ad
1160 743 1260 780 sua
1291 726 1469 781 saecla
1503 727 1787 798 recedunt,

260 819 419 856 umor
452 803 525 857 ad
559 818 819 870 umorem,
853 806 1074 858 terreno
1107 819 1336 873 corpore
1371 806 1524 858 terra

260 880 461 935 crescit
494 883 553 934 ct
585 879 766 948 ignem
798 879 953 948 ignes
986 879 1299 949 procudunt
1331 879 1665 948 aetheraque
1697 881 1905 948 aether,

260 954 498 1025 donique
531 954 605 1011 ad
639 958 941 1010 extremam
976 955 1255 1010 crescendi
1289 956 1492 1026 perfica
1524 956 1691 1012 finem
1874 973 1975 1014 1116

257 1032 439 1086 omnia
472 1031 735 1102 perduxit
770 1048 953 1086 rernm
989 1036 1184 1086 natura
1218 1033 1485 1098 cruentat-im

259 1110 325 1162 ut
359 1109 424 1163 fit
458 1109 552 1163 ubi
584 1108 695 1162 nilo
729 1109 837 1163 iam
870 1109 992 1178 plus
1028 1111 1115 1162 est
1150 1108 1298 1176 quod
1332 1108 1497 1163 datur
1530 1109 1676 1164 intra

256 1182 439 1237 vitalis
474 1200 641 1239 venas
675 1200 839 1251 quam
872 1186 1020 1253 quod
1055 1182 1178 1238 fluit
1212 1183 1390 1253 adque
1423 1184 1649 1240 recedit.

257 1260 509 1315 omnibns
543 1260 630 1314 hie
665 1265 818 1314 aetas
853 1259 1021 1314 debet
1055 1259 1353 1314 consistere
1388 1260 1569 1328 rebus,
1871 1277 1972 1318 1120

256 1334 344 1390 hic
377 1341 573 1391 natura
606 1337 717 1390 suis
751 1337 993 1390 refrenat
1028 1335 1236 1390 viribus
1269 1338 1504 1391 auctum.

256 1428 382 1465 nam
417 1429 788 1480 quaecumque
822 1412 974 1465 vides
1008 1411 1182 1465 hilaro
1215 1411 1581 1479 grandescere
1611 1412 1850 1468 adauctu

253 1487 624 1557 paulatimque
656 1488 860 1555 gradus
893 1487 1091 1541 aetatis
1127 1487 1390 1541 scandere
1423 1487 1659 1555 adultae,

251 1563 412 1633 plura
445 1564 548 1617 sibi
581 1563 876 1619 adsumunt
909 1580 1073 1631 quam
1108 1563 1180 1617 de
1216 1580 1276 1618 se
1311 1580 1539 1633 corpora
1571 1565 1815 1633 mittunt,

253 1639 385 1694 dum
422 1640 576 1695 facile
610 1639 667 1693 in
702 1656 865 1694 venas
899 1639 1053 1694 cibus
1088 1634 1263 1694 omn‘i‘s
1296 1639 1506 1694 inditur
1539 1644 1599 1696 et
1632 1640 1767 1698 dum
1866 1658 1966 1698 1125

250 1732 359 1769 non
392 1717 474 1770 ita
506 1720 634 1771 sunt
667 1716 779 1771 late
813 1717 1061 1788 dispersa
1094 1720 1159 1771 ut
1191 1716 1367 1771 multa
1398 1716 1687 1773 remittant

252 1796 312 1847 et
344 1793 469 1863 plus
503 1793 758 1864 dispendi
788 1794 991 1850 faciant
1025 1809 1191 1865 quam
1224 1793 1466 1849 vescitur
1498 1798 1667 1849 aetas.

250 1886 376 1923 nam
413 1875 564 1926 certe
598 1870 767 1926 fluere
802 1872 981 1942 adque
1015 1871 1276 1927 recedere
1310 1888 1540 1942 corpora
1574 1872 1740 1926 rebus

250 1946 424 2001 multa
457 1964 647 2002 manus
682 1947 923 2003 dandum
958 1955 1075 2015 est;
1109 1948 1211 2005 sed
1244 1948 1403 2019 plura
1435 1949 1698 2004 accedere
1738 1947 1961 2023 debent,

249 2022 431 2078 donee
458 2022 733 2080 alescendi
770 2018 1037 2080 sunsi'num
1073 2025 1309 2094 tetigere
1343 2042 1612 2080 cacumen.
1864 2039 1961 2079 uso

248 2099 379 2154 inde
413 2101 725 2156 minutatim
761 2103 905 2156 vires
937 2105 997 2155 et
1030 2101 1200 2156 robur
1234 2100 1481 2155 adultum
1960 2124 1965 2131 ·

248 2175 452 2244 frangit
486 2183 545 2232 et
579 2178 636 2232 in
670 2182 885 2246 partem
920 2177 1163 2247 peiorem
1197 2176 1423 2244 liquitur
1456 2179 1622 2230 aetas.

247 2251 453 2321 quippe
471 2254 672 2307 etenim
697 2257 899 2321 quanto
923 2256 1009 2306 est
1033 2268 1121 2304 res
1145 2251 1390 2320 amplior,
1407 2251 1659 2318 augmine
1681 2250 1963 2320 adempt05

248 2333 309 2380 et
342 2344 450 2394 quo
485 2328 645 2381 latior
679 2332 782 2393 est,
813 2328 868 2381 in
905 2331 1127 2382 cunctas
1162 2325 1405 2393 undique
1438 2327 1612 2396 partis

247 2404 407 2474 plura
439 2404 603 2457 modo
638 2403 908 2471 dispargit
942 2408 1001 2457 et
1034 2402 1105 2455 ab
1141 2418 1201 2457 se
1235 2417 1465 2472 corpora
1497 2403 1687 2473 mittit,
1859 2419 1959 2461 1135

248 2497 347 2535 nee
381 2479 543 2534 facile
576 2479 633 2532 in
659 2494 833 2533 venas
867 2479 1020 2534 cibus
1054 2468 1228 2533 onnffi
1265 2479 1477 2533 diditur
1511 2481 1564 2535 ei

245 2572 347 2611 nee
382 2555 515 2611 satis
547 2559 649 2623 cst,
686 2572 787 2624 pro
821 2573 983 2625 quam
1018 2556 1200 2625 largos
1234 2560 1520 2613 exaestuat
1553 2561 1752 2627 aestus,

242 2632 390 2687 unde
424 2638 591 2703 queat
626 2636 839 2687 tantum
875 2632 1107 2687 suboriri
1144 2651 1208 2688 ac
1244 2634 1613 2704 subpeditare.
1626 2680 1665 2711 „s

140 2725 228 2760 11⁴⁶
244 2710 424 2764 omnia
456 2709 627 2765 debet
660 2709 806 2764 enim
840 2710 993 2765 cibus
1025 2711 1303 2780 integrare
1337 2712 1586 2767 novando

242 2790 302 2840 et
335 2785 529 2841 fulcire
562 2787 731 2854 cibus,
764 2787 921 2843 cibus
954 2788 1135 2842 omnia
1169 2793 1492 2856 sustentare,
1859 2803 1956 2845 1140

240 2862 586 2931 nequiquam,
620 2863 876 2932 quoniam
910 2881 1013 2919 nec
1048 2881 1220 2919 venae
1255 2865 1641 2936 perpetiuntur

241 2938 391 3006 quod
414 2938 549 2993 satis
572 2942 661 2993 est
682 2955 860 3008 neque
884 2945 1149 3010 quantum
1174 2958 1310 3012 opus
1333 2944 1420 2995 est
1447 2942 1643 2995 natura
1664 2941 1954 3009 ministrat,

138 3030 225 3062 11³⁹
243 3015 360 3068 iure
393 3014 563 3083 igitur
595 3021 843 3086 pereunt,
877 3035 1001 3073 eum
1037 3018 1309 3073 rarefacta
1342 3016 1560 3071 fluendo

241 3094 371 3145 sunt
404 3094 464 3145 et
498 3107 623 3146 eum
658 3094 901 3148 externis
936 3095 1297 3150 succumbunt
1330 3094 1511 3148 onmia
1543 3094 1736 3164 plagis,

240 3167 680 3237 quandoquidem
715 3170 909 3237 grandi
944 3171 1099 3226 cibus
1132 3187 1267 3225 aevo
1302 3169 1538 3240 denique
1572 3171 1712 3227 defit
1858 3186 1955 3229 1145
