2259 3442
223 83 338 142 150
554 109 562 115 ·
964 119 968 123 ·
1052 85 1116 141 V

215 184 401 241 ulcisci
436 202 601 255 quam
634 201 779 241 nunc
812 191 1183 242 concessumst
1218 188 1434 258 legibus
1470 190 1676 259 aequis,

215 261 356 316 hanc
379 261 452 316 ob
465 278 582 316 rem
598 263 685 315 est
699 262 947 315 homines
966 266 1282 330 pertaesum
1302 264 1355 318 vi
1371 263 1550 320 colere
1569 282 1771 320 aevom.
1828 280 1941 321 1150

214 338 345 393 iude
378 341 560 392 metus
595 337 833 391 maculat
867 354 1167 405 poenarum
1201 342 1446 407 praemia
1480 342 1641 396 vitae.
1912 331 1985 382 ἢ

215 415 550 468 circumretit
585 414 730 467 enim
766 414 848 467 vis
884 417 1053 482 atque
1086 415 1285 469 iniuria
1320 434 1593 485 quemque
1657 417 1692 453 ⁴

215 493 400 561 atque,
435 489 582 544 unde
618 492 876 557 exortast,
914 489 987 543 ad
1021 507 1149 544 eum
1183 491 1507 562 plerumque
1538 495 1789 564 revertit,

216 582 319 622 nec
349 565 564 621 facilest
597 564 869 635 placidam
904 582 968 619 ac
1000 570 1254 636 pacatam
1290 568 1495 637 degere
1530 571 1699 625 vitam

217 643 313 712 qui
347 642 514 696 violat
548 641 708 696 factis
743 643 1048 696 communia
1082 642 1309 697 foedera
1340 645 1506 715 pacis.
1830 664 1937 704 1155

217 719 324 773 etsi
357 717 500 773 fallit
535 718 680 772 enim
718 718 902 772 divom
935 736 1109 787 genus
1144 719 1566 790 humanumque,

218 797 485 863 perpetuo
519 797 704 849 tamen
740 794 800 847 id
833 796 953 849 fore
988 795 1127 848 clam
1164 795 1415 850 diffidere
1450 797 1652 864 debet3

219 871 423 940 quippe
457 870 551 924 ubi
587 888 648 924 se
680 870 841 924 multi
874 887 976 939 per
1010 871 1220 925 somnia
1253 888 1418 942 saepo
1452 873 1743 943 loquentes

217 950 315 1001 aut
349 946 537 1000 morbo
573 946 872 1001 delirantes
905 951 1168 1016 protraxe
1201 947 1452 1002 ferantur

218 1026 279 1078 ct
311 1023 487 1078 celata
521 1023 678 1077 mala
710 1023 768 1077 in
803 1025 1047 1079 medium
1082 1027 1141 1078 et
1174 1028 1399 1093 peccata
1433 1023 1696 1096 dedisse]
1829 1040 1935 1080 neo

287 1099 341 1153 N
343 1116 449 1155 unc
485 1117 626 1170 quae
659 1117 822 1154 causa
858 1100 1022 1154 deum
1056 1116 1158 1169 per
1191 1116 1417 1169 magnas
1452 1101 1675 1155 numina
1707 1101 1892 1170 gentis

218 1176 557 1245 pervulgarit
592 1179 651 1230 et
684 1193 901 1229 ararum
937 1176 1290 1245 compleverit
1325 1175 1479 1230 urbis

222 1252 676 1321 suscipiendaque
710 1252 920 1306 curarit
956 1252 1237 1306 sollemnia
1272 1267 1443 1320 sacra,

219 1344 362 1396 quae
393 1344 535 1381 nunc
571 1328 627 1380 in
663 1328 876 1395 magnis
910 1326 1108 1381 florent
1143 1344 1298 1381 sacra
1330 1328 1484 1382 rebu'
1520 1328 1774 1398 locisque,

219 1402 370 1456 unde
404 1403 570 1457 etiam
605 1419 751 1456 nunc
785 1407 872 1457 est
905 1403 1234 1457 mortalibus
1267 1404 1465 1457 insitus
1499 1403 1695 1458 horror
1829 1418 1929 1458 11oe

220 1479 315 1547 qui
350 1478 580 1532 delubra
615 1478 779 1531 deum
816 1494 956 1531 nova
989 1482 1110 1532 toto
1147 1480 1376 1533 suscitat
1412 1479 1533 1533 orbi

220 1557 490 1608 terrarum
526 1556 586 1607 et
619 1554 777 1607 festis
813 1555 963 1622 cogit
998 1554 1278 1609 celebrare
1315 1555 1526 1623 diebus,

221 1645 328 1683 11011
363 1629 442 1683 ita
477 1628 749 1683 difficilest
784 1629 1053 1683 rationem
1089 1630 1328 1684 reddere
1362 1630 1557 1685 verbis.

223 1706 424 1775 quippe
459 1705 663 1760 etenim
698 1706 806 1759 iam
840 1709 960 1759 tum
996 1705 1180 1760 divom
1215 1708 1470 1761 mortalia
1506 1708 1684 1762 saecla

221 1781 473 1851 egregias
505 1781 686 1836 animo
721 1781 887 1836 facies
921 1782 1185 1851 vigilante
1218 1782 1481 1837 videbant
1832 1795 1929 1838 1170

221 1861 282 1912 et
315 1858 487 1927 magis
519 1858 576 1912 in
612 1860 815 1913 somnis
849 1859 1097 1913 mirando
1134 1859 1379 1928 corporis
1412 1867 1591 1913 auctu.

221 1934 307 1988 his
340 1934 511 2003 igitur
546 1952 763 1989 sensum
798 1935 1116 1989 tribuebant
1152 1938 1446 2004 propterea
1482 1935 1629 2003 quod

222 2010 472 2065 membra
504 2028 722 2065 movere
757 2012 1085 2065 videbantur
1119 2027 1391 2078 vocesque
1427 2011 1691 2079 superbas

222 2088 447 2142 mittere
480 2103 581 2155 pro
614 2087 753 2141 facie
786 2086 1069 2156 praeclara
1102 2090 1163 2140 et
1197 2086 1405 2140 viribus
1440 2087 1647 2155 amplis.

223 2167 615 2231 aeternamque
650 2163 860 2218 dabant
892 2164 1077 2230 vitam,
1115 2162 1244 2232 quia
1279 2179 1496 2233 semper
1531 2179 1719 2217 eorum
1829 2177 1929 2219 1175

223 2238 681 2308 subpeditabatur
713 2240 881 2294 facies
915 2243 974 2294 et
1006 2239 1186 2293 forma
1219 2239 1495 2307 manebat,

225 2318 284 2369 et
318 2319 503 2371 tamen
538 2315 753 2368 omnino
787 2315 935 2382 quod
970 2315 1140 2369 tantis
1174 2315 1381 2369 viribus
1416 2319 1606 2370 auctos

227 2406 336 2444 non
368 2392 579 2444 temere
612 2389 725 2443 ulla
756 2391 810 2443 vi
845 2391 1089 2444 convinci
1124 2407 1285 2461 posse
1318 2392 1604 2461 putabant.

225 2466 569 2534 fortunisque
603 2465 728 2519 ideo
761 2466 923 2533 longe
956 2472 1240 2535 praestare
1275 2467 1562 2538 putabant,

226 2543 375 2612 quod
399 2543 592 2597 mortis
614 2543 782 2596 timor
801 2542 940 2597 haut
963 2559 1294 2616 quemquam
1317 2548 1545 2598 vexaret
1568 2560 1771 2612 eorum,
1828 2556 1927 2598 118⁰

224 2621 285 2673 et
319 2619 478 2674 simul
512 2619 567 2674 in
603 2620 803 2674 somnis
838 2619 967 2689 quia
1000 2620 1178 2673 multa
1211 2623 1271 2674 et
1302 2621 1443 2674 mira
1475 2619 1739 2675 videbant

227 2695 439 2751 efficere
474 2700 534 2751 et
566 2697 776 2750 nullum
809 2713 1009 2766 capere
1043 2697 1194 2767 ipsos
1225 2696 1357 2751 inde
1391 2695 1652 2751 laborem.

225 2776 515 2842 praeterea
549 2773 683 2828 caeli
718 2773 959 2827 rationes
994 2772 1189 2826 ordine
1224 2776 1377 2827 certo

225 2852 283 2903 et
317 2849 466 2902 varia
499 2865 762 2903 annorum
797 2848 1095 2903 cernebant
1128 2851 1379 2917 tempora
1412 2848 1558 2904 verti

226 2941 326 2978 nec
361 2928 618 2992 poterant
651 2925 849 2993 quibus
882 2925 940 2978 id
975 2925 1136 2978 fieret
1169 2940 1493 2992 cognoscere
1529 2924 1718 2979 causis,
1831 2935 1927 2976 1185

228 3015 358 3066 ergo
392 2999 700 3067 perfugium
736 2999 842 3053 sibi
876 3000 1158 3053 habebant
1192 3001 1373 3053 omnia
1406 3000 1547 3053 divis

226 3073 449 3128 tradere
482 3076 541 3126 et
574 3074 789 3128 illorum
823 3078 964 3128 nutu
1002 3076 1180 3129 facere
1216 3076 1395 3130 omnia
1429 3075 1591 3129 flecti.

225 3148 283 3206 in
316 3148 573 3218 caeloque
606 3148 772 3204 deum
806 3148 966 3204 sedes
999 3153 1060 3205 et
1093 3151 1301 3218 templa
1332 3149 1595 3217 locarunt,

143 3293 298 3327 ...ι-ἠὲ.

47 3343 378 3395 A—x
