2259 3442
858 565 919 619 Τ.
953 565 1285 621 LUCRETI
1324 567 1510 622 CARI

538 734 705 809 DE
791 734 1229 811 RERUM
1316 688 1901 847 NATURA*

890 938 1111 986 LIBER
1143 937 1481 996 QUINTUS.

1087 1105 1290 1132 -μ-

334 1246 471 1311 Qnis
504 1247 650 1317 potis
686 1252 773 1301 est
808 1248 1030 1317 digumn
1066 1250 1295 1319 pollenti
1330 1253 1555 1320 pectore
1590 1266 1807 1305 carmen

330 1323 569 1377 condere
601 1341 704 1392 pro
739 1341 923 1379 rerum
956 1326 1248 1380 maiestate
1282 1326 1475 1395 hisque
1509 1328 1779 1396 repertis?

328 1400 519 1468 quisve
555 1400 701 1454 valet
737 1401 919 1455 verbis
953 1406 1168 1457 tantum
1204 1402 1299 1471 qui
1333 1403 1542 1470 fingere
1575 1402 1766 1456 laudes

326 1494 428 1546 pro
465 1475 676 1530 meritis
711 1478 829 1531 eius
863 1479 1035 1548 possit
1070 1480 1166 1549 qui
1201 1479 1337 1534 talia
1369 1479 1526 1534 nobis

325 1556 551 1623 pectore
587 1557 748 1624 parta
782 1571 880 1609 suo
914 1556 1272 1626 quaesitaque
1305 1556 1550 1627 praemia
1583 1555 1783 1625 liquit?

325 1646 500 1697 neme,
537 1635 603 1685 ut
637 1630 841 1700 opinor,
878 1632 986 1686 erit
1019 1633 1239 1686 mortali
1274 1649 1502 1702 corpore
1537 1637 1736 1686 cretus,

323 1722 450 1759 nam
486 1706 547 1773 si,
582 1710 647 1761 ut
680 1708 799 1776 ipsa
834 1709 977 1776 petit
1012 1709 1272 1764 maiestas
1305 1709 1525 1777 cognita
1558 1725 1759 1778 rerum,

324 1781 618 1835 (licendum
654 1787 754 1846 est,
792 1783 928 1836 deus
964 1784 1056 1837 ille
1091 1784 1213 1851 fuit,
1248 1786 1398 1852 deus,
1435 1784 1637 1852 inclyte
1672 1784 1918 1853 Memmi,

320 1857 415 1925 qui
450 1858 707 1927 princeps
742 1859 889 1912 vitae
925 1859 1196 1913 rationem
1231 1860 1440 1913 invenit
1475 1876 1596 1913 eam
1632 1877 1772 1928 quae

277 1931 282 1935 ’
319 1950 462 1988 nune
498 1935 807 2003 appellatur
845 1934 1128 2003 sapientia,
1166 1936 1365 2004 quique
1401 1952 1501 2004 per
1536 1946 1711 1989 artem

319 2010 576 2064 fluctibus
613 2028 644 2064 e
680 2011 851 2064 tantis
888 2011 1056 2065 vitam
1093 2011 1371 2080 tantisque
1408 2011 1653 2065 tenebris

316 2089 372 2141 in
411 2090 526 2140 tam
563 2086 856 2154 tranquillo
897 2091 956 2141 et
991 2091 1106 2142 tam
1145 2088 1291 2141 clara
1324 2088 1445 2142 luce
1480 2087 1692 2141 locavit.

314 2163 503 2227 confer
521 2164 681 2217 enim
722 2162 906 2216 divina
942 2162 1172 2216 aliorum
1209 2163 1433 2232 antiqua
1468 2167 1700 2232 reperta.

312 2256 548 2308 namque
586 2240 754 2294 Ceres
788 2238 967 2293 fertur
1004 2240 1190 2308 fruges
1230 2238 1501 2308 Liberque
1535 2238 1760 2307 liquoris

314 2316 541 2382 vitigeni
578 2317 796 2371 laticem
832 2316 1155 2372 mortalibus
1192 2315 1496 2369 instituisse
1512 2336 1526 2381 ;

313 2407 433 2444 cum
473 2395 657 2446 tamen
693 2393 780 2446 his
817 2396 1004 2463 posset
1043 2393 1160 2447 sine
1199 2392 1365 2445 rebus
1401 2391 1517 2446 vita
1550 2408 1785 2457 manere,

311 2469 374 2519 ut
409 2467 554 2520 fama
590 2472 679 2521 est
715 2469 925 2538 aliquas
963 2470 1130 2523 etiam
1169 2485 1311 2523 nune
1346 2469 1531 2522 vivere
1564 2469 1760 2536 gentis.

309 2546 369 2595 at
405 2541 546 2596 bene
583 2559 688 2595 non
728 2548 950 2613 poterat
985 2546 1101 2599 siue
1138 2562 1277 2614 puro
1313 2549 1538 2615 pectore
1574 2544 1708 2608 vivi;

308 2635 416 2685 quo
452 2619 625 2687 magis
660 2619 751 2673 hic
790 2622 989 2675 merito
1024 2621 1180 2676 nobis
1214 2622 1350 2676 deus
1386 2639 1506 2681 esse
1543 2621 1775 2686 videtur,

307 2713 376 2750 ex
413 2712 519 2765 quo
556 2712 697 2750 nune
738 2695 906 2749 etiam
943 2714 1044 2767 per
1081 2715 1306 2766 magnas
1342 2697 1521 2750 didita
1554 2695 1735 2764 gentis

306 2771 488 2826 dulcia
521 2772 866 2840 permulcent
908 2773 1116 2826 animos
1155 2775 1354 2828 solacia
1389 2772 1549 2827 vitae.

309 2848 565 2903 Herculis
600 2850 865 2904 antistare
904 2854 1089 2904 autem
1127 2850 1173 2903 si
1209 2850 1357 2904 facta
1390 2849 1627 2917 putabiS,

301 2924 514 2993 longius
549 2943 583 2980 a
618 2943 748 2981 vera
784 2927 958 2982 multo
997 2926 1206 2981 ratione
1244 2927 1436 2979 ferere.
1694 2990 1707 3001 ·

302 3002 436 3069 quid
475 3001 783 3058 Nemeaeus
820 3004 966 3058 enim
1005 3002 1160 3057 nobis
1196 3018 1337 3055 nune
1376 3018 1604 3069 magnus
1638 3001 1821 3054 hiatus

301 3076 393 3131 ille
429 3078 601 3133 ieonis
637 3080 856 3136 obesset
891 3086 950 3137 et
986 3082 1219 3135 horrens
1257 3079 1531 3133 Arcadius
1566 3080 1694 3132 sus?

305 3153 541 3222 denique
569 3158 709 3227 quid
746 3160 946 3214 Cretae
981 3161 1176 3213 taurus
1213 3158 1567 3223 Lernaeaque
1602 3152 1779 3225 pestis

304 3228 476 3346 ΙΙιέᾱτει
510 3236 791 3290 venenatis
827 3240 1013 3304 posset
1048 3235 1251 3288 vallata
1286 3231 1556 3286 colubris?

2006 1572 2031 1610 6

1981 1952 2029 1991 10

1979 2331 2026 2369 15
