2259 3442
128 160 133 163 ·
190 130 239 187 6·
1012 125 1075 181 Γ

188 247 422 302 quorum
456 229 534 284 nil
569 229 690 283 ficri
725 227 1072 285 manifestum
1106 229 1222 292 est,-
1245 227 1430 282 omnia
1462 227 1687 297 quando

187 307 452 378 paulatim
485 308 750 373 crescunt,
784 309 851 360 ut
884 321 986 375 par
1019 307 1124 372 est,
1161 303 1372 359 semine
1404 307 1560 359 certo

189 465 609 530 crescentesque
642 475 816 528 genus
851 460 1102 524 servant;
1135 461 1201 512 ut
1235 474 1461 513 noscere
1496 458 1677 527 possis
1825 470 1920 514 ιω»

193 538 428 606 quicque
462 552 561 589 sua
593 535 666 590 de
700 536 929 589 materia
965 534 1330 601 grandescere
1363 534 1563 604 alique.
1853 552 1860 559 ’

192 612 298 667 huc
333 611 547 666 accedit
578 610 662 665 uti
700 611 817 665 sino
851 610 1020 669 certis
1054 610 1325 665 imbribus
1360 611 1491 664 anni

188 688 452 743 laetificos
486 690 725 756 nequeat
760 686 910 741 fetus
946 685 1279 744 submittere
1311 686 1480 741 tellus

192 780 293 827 nse
326 779 491 832 porro
527 766 741 817 secreta
771 762 894 816 cibo
927 765 1144 817 natura·
1162 763 1498 839 animant-um

146 830 161 913 J
189 856 495 909 propagare
526 855 700 908 genus
734 838 908 908 possit
942 839 1222 908 vitamque
1257 838 1432 904 tueri;
1823 851 1896 892 196

144 932 151 943 “
193 919 257 971 ut
290 916 473 985 potius
505 915 696 970 multis
729 915 1037 970 communia
1071 931 1301 985 corpora
1323 914 1502 969 *rebus
1715 922 1722 928 '

193 992 366 1047 multa
399 996 561 1061 putes
595 1008 732 1059 esse,
767 996 831 1046 ut
866 991 1046 1045 verbis
1081 991 1356 1046 elementa
1389 991 1650 1056 videmus,
1679 1000 1744 1049 Su,
1762 1005 1845 1074 713

194 1086 357 1138 quam
395 1069 510 1124 sine
544 1068 826 1139 principiis
860 1067 1028 1123 ullam
1063 1084 1183 1122 rem
1221 1068 1459 1123 existere
1491 1083 1666 1137 posse.

194 1145 435 1215 denique
470 1162 568 1200 cur
603 1145 848 1200 homines
882 1148 1068 1199 tantos
1102 1147 1304 1198 natura
1335 1159 1532 1213 parare

80 1250 103 1267 ·=
193 1238 302 1275 non
336 1222 533 1291 potuit,
568 1222 802 1291 pedibus
838 1222 932 1290 qui
965 1224 1199 1292 pontum
1233 1237 1335 1290 per
1368 1220 1509 1274 vada
1544 1222 1771 1288 possent
1820 1233 1922 1274 200-

194 1298 428 1352 transire
463 1302 522 1352 et
554 1314 780 1365 magnos
814 1297 1066 1353 manibus
1102 1296 1365 1352 divellere
1398 1297 1599 1351 montis

197 1374 480 1441 multaque
516 1373 746 1427 vivendo
783 1373 970 1427 vitalia
1004 1374 1223 1427 vincere
1259 1372 1451 1441 saecla,

197 1449 244 1503 si
279 1465 402 1516 non,
438 1448 696 1502 materies
733 1449 863 1516 quia
897 1447 1062 1501 rebus
1097 1448 1317 1502 reddita
1351 1451 1558 1502 certast

194 1523 488 1592 gignundis
522 1540 555 1577 e
591 1539 700 1591 qua
735 1526 951 1577 constat
986 1523 1121 1591 quid
1157 1525 1332 1591 possit
1365 1524 1527 1577 oriri?

196 1601 271 1655 nil
306 1600 476 1668 igitur
511 1599 633 1653 fieri
668 1597 740 1652 do
774 1598 886 1652 nilo
920 1614 1081 1668 posse
1114 1599 1472 1663 fatendumst,
1824 1614 1898 1654 205

198 1677 402 1731 semine
438 1675 656 1745 quando
691 1690 828 1743 opus
863 1678 951 1730 est
985 1672 1152 1728 rebus
1187 1691 1296 1744 quo
1332 1691 1584 1744 quaeque
1619 1678 1839 1732 creatae

196 1753 338 1808 aeris
372 1752 428 1805 in
463 1756 683 1807 teneras
717 1750 927 1821 possint
960 1750 1261 1820 proferrier
1294 1768 1469 1806 auras.

195 1833 473 1900 postremo
508 1829 763 1899 quoniam
800 1827 1020 1883 incultis
1053 1832 1341 1898 praestare
1375 1828 1623 1883 videmus

197 1906 345 1960 culta
380 1905 496 1960 loca
530 1909 589 1960 et
623 1905 873 1959 manibus
907 1904 1151 1960 melioris
1184 1905 1421 1960 reddere
1456 1904 1618 1973 fetus,

196 1999 316 2036 csse
349 1981 604 2038 videlicet
637 1983 693 2036 in
728 1982 895 2037 terris
928 1982 1231 2052 primordia
1263 1998 1447 2036 rerum
1824 1995 1900 2036 210

198 2075 339 2127 quae
375 2075 473 2112 nos
506 2058 766 2113 fecundas
800 2061 1081 2113 vertentes
1115 2074 1337 2113 vomere
1371 2058 1560 2128 glebas
1607 2066 1674 2126 a}

195 2136 475 2204 terraique
512 2136 684 2188 solum
721 2134 1037 2202 subigentes
1073 2135 1247 2187 cimus
1282 2133 1354 2186 ad
1395 2136 1567 2187 ortus.

198 2211 347 2279 quod
382 2210 429 2263 si
463 2210 611 2263 nulla
645 2209 841 2276 forent,
876 2213 1065 2263 nostro
1102 2209 1217 2261 sine
1252 2224 1504 2275 quaeque
1539 2206 1727 2262 labore

198 2288 393 2355 sponte
428 2301 524 2337 sua
562 2285 734 2338 multo
769 2283 891 2337 fieri
926 2284 1153 2337 meliora.
1185 2281 1416 2337 videres,

269 2362 395 2415 Huc
430 2360 639 2414 accedit
674 2359 756 2413 uti
793 2361 1027 2428 quicque
1062 2360 1117 2412 in
1155 2375 1251 2412 sua
1285 2374 1513 2427 corpora
1546 2373 1763 2412 rursum
1821 2370 1894 2410 215

198 2437 463 2491 dissoluat
497 2438 694 2489 natura
727 2451 907 2502 neque
940 2434 1014 2488 ad
1048 2434 1220 2488 nilum
1254 2434 1692 2508 interemat—res.
1771 2456 1782 2465 ⁴

197 2529 325 2566 nam
361 2511 540 2580 siquid
575 2510 806 2564 mortale
840 2526 869 2564 e
903 2510 1113 2565 cunetis
1149 2504 1428 2579 partibus*
1436 2506 1600 2579 esset,

198 2605 268 2642 ex
303 2587 471 2642 oculis
504 2603 593 2641 res
629 2603 879 2657 quaeque
915 2590 1146 2655 repente
1182 2592 1375 2656 erepta
1408 2589 1631 2657 periret.

199 2665 348 2719 nulla
381 2665 436 2718 vi
468 2664 613 2718 foret
647 2680 780 2716 usus
816 2663 960 2717 enim
997 2680 1141 2732 quae
1175 2664 1427 2733 partibus
1463 2666 1582 2719 eius

200 2741 486 2795 discidium
521 2756 716 2816 parere
753 2742 811 2793 et
846 2756 1020 2793 nexus
1056 2740 1337 2796 exsolvere
1372 2745 1573 2811 posset.
1826 2753 1900 2795 220

200 2815 349 2885 quod
384 2832 541 2884 nunc,
576 2820 802 2870 aeterno
838 2817 966 2885 quia
1002 2821 1255 2873 constant
1291 2819 1497 2872 semine
1534 2832 1804 2887 quaeque,

201 2892 373 2947 donec
411 2892 490 2946 vis
524 2892 660 2947 obiit
694 2910 836 2962 quae
871 2910 962 2948 res
996 2893 1314 2949 diverberet
1347 2895 1463 2948 ictu

200 2971 298 3022 aut
331 2969 481 3023 intus
515 2972 772 3038 penetret
806 2986 907 3039 per
939 2970 1122 3025 inania
1159 2970 1545 3040 dissoluatque,

201 3045 400 3121 nuliius
434 3045 663 3100 exitium
698 3046 906 3114 patitur
937 3051 1137 3101 natura
1169 3047 1360 3101 videri.

200 3124 492 3193 praeterea
525 3138 903 3193 quaecumque
938 3127 1217 3179 vetustate
1251 3127 1471 3180 amovet
1505 3128 1674 3194 aetas,
1826 3139 1903 3182 225

200 3196 249 3236 *ἱ
288 3197 508 3254 *sonitus
542 3199 777 3269 peremit
811 3215 1135 3255 consumens
1169 3201 1459 3257 materiem
1494 3219 1731 3272 omnem,

1841 2450 1988 2496 mcc.

1791 2512 1992 2581 ‘'w-7
