2259 3442
1182 92 1216 148 I
1974 99 2048 158 13

346 192 565 261 quando
588 210 654 248 ea
671 194 849 248 saecla
863 193 1160 263 hominum,
1179 212 1413 264 quorum
1430 195 1566 253 haec
1583 202 1782 255 eventa
1796 200 2036 273 fuerunt,

344 269 725 325 inrevocabilis
759 270 1053 326 abstulerit.
1085 272 1198 326 iam
1232 274 1534 341 praeterita
1567 280 1736 331 aetas.

342 363 581 417 namque
616 348 753 402 aliut
789 347 1026 416 Teucris,
1064 349 1204 404 aliut
1237 350 1551 419 regionibus
1586 352 1722 421 ipsis

333 429 599 487 ,eventum
633 424 744 478 dici
778 425 983 493 poterit
1019 426 1403 496 quodcumque
1438 428 1544 482 erit
1578 432 1776 485 actum.
1974 446 2049 489 410

342 501 580 571 denique
616 501 873 555 materies
908 502 955 555 si
989 519 1176 557 rerum
1209 504 1358 558 nulla
1391 504 1584 561 fuisset

340 596 441 633 nec
475 579 626 633 locus
659 595 724 632 ac
759 578 1009 647 spatium,
1046 596 1139 634 res
1170 579 1228 634 in
1264 597 1374 651 quo
1408 599 1660 653 quaeque
1693 586 1977 654 geruntur,

338 673 638 726 numquam
674 655 1001 725 Tyndaridis
1035 657 1245 711 formae
1279 658 1546 714 conflatus
1580 677 1768 715 amore

336 734 493 802 ignis,
530 733 836 788 Alexandri
875 733 1114 802 Phrygio
1151 732 1253 787 sub
1288 737 1512 803 pectore
1545 737 1794 805 gliscens,

335 812 482 865 clara
498 864 501 869 ,
516 811 855 866 accendisset
891 810 1039 864 saevi
1074 810 1375 865 certamina
1409 811 1554 879 belli,
1971 827 2047 872 475

336 904 438 943 nec
471 889 611 942 clam
647 887 910 955 durateus
948 886 1192 941 Troianis
1228 887 1500 956 Pergama
1533 893 1698 957 partu

333 964 728 1019 inflammasset
763 980 934 1033 equos
967 966 1235 1017 nocturno
1273 963 1736 1032 Graiugenarum3

333 1042 645 1110 perspicere
679 1043 743 1094 ut
775 1034 951 1108 pos'sis
985 1054 1075 1091 res
1108 1042 1294 1106 gestas
1326 1039 1575 1094 funditus
1610 1043 1786 1096 omnis

332 1133 440 1170 11011
475 1117 557 1171 ita
589 1117 675 1170 uti
708 1130 905 1184 corpus
939 1130 1040 1181 per
1073 1130 1135 1167 se
1170 1118 1422 1168 constare
1455 1132 1634 1185 neque
1668 1133 1806 1186 esse,
1922 1170 1924 1172 .

330 1209 432 1246 nec
467 1191 682 1246 ratione
716 1190 898 1244 cluere
934 1188 1127 1243 eadem
1164 1206 1274 1258 qua
1308 1194 1524 1245 constet
1558 1192 1733 1260 inane,
1967 1208 2041 1250 48⁰

332 1267 433 1322 sed
469 1267 645 1337 magis
679 1271 743 1321 ut
778 1264 976 1320 merito
1010 1265 1187 1334 possis
1222 1270 1420 1321 eventa
1452 1284 1645 1323 vocare

270 1368 298 1411 0
328 1344 572 1414 corporis
605 1347 773 1413 atque
807 1341 929 1411 loci,
962 1358 1051 1396 res
1086 1343 1144 1395 in
1179 1359 1290 1412 quo
1324 1359 1572 1413 quaeque
1604 1350 1881 1414 gerantur.
1931 1408 1972 1421 J
2001 1398 2032 1405 --
2059 1390 2072 1395 -

399 1421 641 1492 Corpora
675 1423 804 1476 sunt
837 1436 1000 1489 porro
1034 1421 1239 1490 partim
1273 1420 1572 1489 primordia
1605 1440 1805 1494 rerum,
2037 1448 2042 1455 ·

325 1499 527 1568 partim
561 1497 788 1553 concilio
822 1514 963 1567 quae
995 1501 1251 1553 constant
1285 1499 1686 1568 principiorum.

327 1576 426 1632 sed
461 1592 603 1645 quae
638 1577 766 1629 sunt
801 1591 986 1629 rerum
1020 1574 1336 1644 primordia,
1370 1576 1520 1630 nulla
1553 1582 1742 1646 potest
1774 1579 1857 1639 vis
1961 1593 2036 1632 48⁵

261 1688 301 1722 1,(
324 1652 634 1722 stinguere;
668 1668 795 1706 nam
831 1652 1003 1706 solido
1039 1651 1264 1706 vincunt
1298 1668 1364 1706 ea
1398 1669 1624 1721 corpore
1659 1654 1894 1710 demum.

325 1729 430 1782 etsi
465 1729 686 1783 difficile
721 1744 842 1783 esse
877 1727 1098 1782 videtur
1131 1728 1362 1782 credere
1397 1729 1687 1797 quicquam

322 1806 380 1858 in
415 1805 581 1859 rebus
616 1805 788 1859 solido
824 1804 1058 1872 reperiri
1093 1819 1323 1870 corpore
1357 1819 1532 1872 posse.

321 1882 523 1936 transit
556 1881 705 1934 enim
737 1879 945 1933 fulmen
980 1878 1119 1932 caeli
1151 1895 1253 1946 per
1287 1883 1480 1946 saepta
1514 1879 1816 1950 domorum,

322 1957 528 2013 clamor
560 1959 625 2009 ut
660 1972 724 2009 ac
758 1970 949 2019 voccs;
983 1954 1191 2008 ferrum
1225 1952 1504 2008 candescit
1537 1955 1596 2006 111
1629 1955 1743 2023 igni
1961 1972 2035 2013 490

324 2033 711 2102 dissiliuntque
746 2031 864 2084 fero
897 2029 1167 2084 ferventia
1201 2044 1333 2083 saxa
1367 2045 1598 2098 vapore;

324 2114 443 2165 tum
478 2108 842 2164 labefactatus
875 2105 1025 2175 rigor
1058 2106 1179 2159 auri
1213 2105 1442 2160 solvitur
1476 2110 1662 2173 aestu3

323 2190 444 2241 tum
477 2185 679 2255 glacies
714 2183 857 2238 aeris
891 2182 1109 2236 flamma
1146 2181 1362 2237 devicta
1397 2182 1681 2253 liquescit3

322 2265 606 2332 permanat
641 2261 789 2316 calor
822 2262 1110 2328 argentum
1145 2259 1538 2330 penetraleque
1571 2260 1762 2330 frigus,

324 2339 542 2408 quando
576 2341 873 2408 utrumque
905 2352 1071 2390 manu
1111 2336 1416 2392 retinentes
1449 2337 1646 2407 pocula
1680 2338 1790 2394 rito
1957 2356 2032 2395 495

239 2471 246 2476 ,
324 2414 591 2468 sensimus
625 2415 803 2468 infuso
837 2412 1183 2483 lympharum
1219 2428 1344 2467 rore
1378 2430 1626 2483 superne.

323 2506 500 2559 usque
534 2490 672 2543 adeo
706 2489 764 2541 in
798 2488 963 2543 rebus
1000 2489 1160 2543 solidi
1192 2488 1270 2543 nil
1305 2505 1425 2544 esse
1458 2490 1693 2546 videtur.

323 2567 423 2622 scd
458 2565 590 2635 quia
624 2580 754 2618 vcra
786 2567 972 2619 tamen
1007 2565 1150 2619 ratio
1185 2569 1489 2635 naturaque
1512 2583 1709 2621 ‘rerum

322 2642 486 2712 cogit,
522 2641 669 2709 ades,
705 2640 894 2709 paucis
930 2639 1061 2694 dum
1097 2641 1347 2695 versibus
1383 2643 1739 2711 expediamus

322 2736 444 2777 esse
478 2736 547 2774 ca
579 2733 735 2795 quae·
750 2715 922 2770 solido
949 2720 1120 2785 atque
1148 2724 1373 2773 aeterno
1401 2735 1631 2787 corpore
1659 2723 1926 2790 constent,
1949 2737 2025 2775 500

321 2796 530 2853 semina
563 2811 706 2864 quae
739 2809 926 2848 rerum
959 2794 1370 2865 primordiaque
1404 2812 1526 2850 esse
1560 2797 1835 2866 docemus,

318 2874 468 2928 unde
500 2871 676 2927 omnis
711 2888 895 2925 rerum
930 2886 1073 2923 nunc
1107 2875 1323 2926 constet
1357 2888 1568 2927 summa
1601 2876 1800 2928 creata.

391 2948 664 3018 Principio
699 2947 955 3016 quoniam
993 2945 1197 3016 duplex
1234 2952 1431 3002 natura
1466 2949 1716 3003 duarum-

317 3025 596 3083 dissimilis
631 3040 815 3078 rerum
850 3022 1011 3091 longe
1045 3026 1297 3079 constare
1332 3029 1621 3094 repertast,

254 3118 287 3176 3)
317 3103 560 3173 eorporis
595 3103 762 3169 atque
797 3100 916 3168 loci,
952 3116 1045 3155 res
1078 3100 1138 3154 in
1172 3117 1281 3170 quo
1315 3118 1566 3171 quaeque
1593 3103 1877 3170 geruntur,
1946 3114 2021 3154 506

317 3198 440 3238 esse
472 3182 765 3245 utramque
799 3176 903 3230 sibi
938 3194 1039 3246 per
1075 3194 1137 3231 se
1171 3194 1475 3246 puramque
1510 3180 1800 3233 necessest.
