2259 3442
207 184 387 239 dulcia
419 183 742 253 linquebant
774 182 1012 238 labentis
1046 182 1255 237 lumina
1287 184 1450 239 vitae.

201 278 346 316 unus
380 262 526 315 enim
560 264 679 316 tum
716 261 946 329 quisque
981 260 1154 329 magis
1194 259 1498 328 deprensus
1531 277 1720 318 eorum
1865 276 1954 318 990

204 337 405 407 pabula
439 338 560 390 viva
593 337 726 390 feris
764 336 1079 405 praebebat,
1118 337 1378 390 dentibus
1412 337 1658 404 haustus,

205 417 266 467 et
299 430 526 468 nemora
561 430 625 467 ac
660 414 861 466 montis
896 414 1107 480 gemitu
1144 413 1703 483 silvasque-replebat

204 490 328 543 viva
365 489 557 544 videns
593 489 717 544 vivo
754 489 975 558 sepeliri
1010 491 1221 544 viscera
1256 490 1435 543 bust0.

207 569 267 620 at
301 583 437 636 quos
473 567 731 635 effugium
769 570 1016 620 servarat
1051 583 1282 636 corpore
1317 567 1498 634 adesO,

204 644 481 713 posterius
517 643 781 698 tremulas
817 659 984 712 super
1017 643 1204 697 ulcera
1238 646 1421 697 taetra
1454 646 1710 698 tenentes
1867 658 1946 696 905

204 719 417 789 palmas
450 719 731 773 horriferis
767 720 1015 773 accibant
1049 719 1273 773 vocibus
1311 719 1531 787 Orcum,

206 795 444 862 donique
479 811 572 849 eos
609 796 725 849 vita
759 796 1043 863 privarant
1079 796 1326 849 vermina
1360 812 1524 850 saeva

206 871 450 941 expertis
486 873 620 941 opiS‚
655 872 874 940 ignaros
909 872 1044 941 quid
1077 872 1300 926 volnera
1333 871 1553 926 vellent.

206 952 266 1002 at
300 964 408 1000 non
441 948 617 1002 multa
650 949 829 1002 virum
866 948 969 1004 sub
1005 948 1172 1016 signis
1206 947 1358 1001 milia
1392 947 1562 1002 dueta

205 1041 316 1078 una
351 1024 472 1078 dies
507 1025 676 1079 dabat
711 1026 877 1080 exitio
913 1042 1016 1080 nec
1051 1024 1276 1079 turbida
1309 1024 1465 1092 ponti
1843 1038 1942 1078 1000

206 1117 446 1169 aequora
477 1102 738 1170 fligebant
773 1104 925 1157 navis
961 1102 1034 1155 ad
1070 1118 1202 1155 saxa
1237 1100 1505 1169 virosque.

204 1177 294 1232 hic
313 1173 538 1232 'temere
571 1180 627 1232 in
664 1196 876 1233 cassum
912 1179 1120 1232 frustra
1138 1194 1306 1234 ,mare
1342 1193 1507 1246 saepe
1542 1179 1789 1231 coortum
1816 1181 1880 1238 Π
1892 1201 1918 1235 s
1932 1205 1965 1239 a
1990 1187 2025 1237 4
2055 1203 2099 1235 ο

207 1254 453 1309 saevibat
487 1255 791 1324 leviterque
827 1255 1001 1308 minas
1036 1254 1280 1324 ponebat
1314 1253 1504 1320 inanis,

205 1348 307 1387 nec
341 1335 562 1401 poterat
596 1340 922 1401 quemquam
958 1331 1162 1401 placidi
1195 1330 1423 1399 pellacia
1457 1329 1613 1397 ponti

203 1407 433 1461 subdola
465 1409 721 1477 pellicere
755 1409 811 1461 in
844 1409 1094 1462 fraudem
1129 1406 1439 1461 ridentibus
1472 1405 1650 1459 undis,
1841 1420 1936 1460 1005

117 1513 186 1557 ..pq
206 1498 423 1531 IMPROBA
447 1499 642 1531 NAVIGH
667 1500 808 1532 RATIO
834 1500 937 1532 TUM
962 1501 1118 1533 CAEGA
1147 1499 1356 1532 IACEBAT

207 1563 325 1613 tum
360 1560 589 1629 penuria
625 1560 826 1615 deinde
863 1561 972 1615 cibi
1007 1563 1322 1631 languentia
1357 1563 1472 1616 leto

206 1636 452 1689 membra
490 1635 673 1703 dabat,
712 1640 903 1691 contra
936 1655 1081 1693 nunc
1116 1655 1304 1692 rerum
1339 1638 1497 1717 copia
1530 1641 1753 1692 mersat.
1820 1703 1829 1709 ,

203 1710 283 1764 1111
319 1710 676 1779 inprudentes
711 1713 817 1783 ipsi
851 1714 956 1767 sibi
992 1731 1173 1785 saepe·
1192 1731 1460 1769 venenum
1688 1751 1696 1764 .
1840 1743 1849 1754 2

205 1789 522 1858 vergebant,
559 1790 748 1860 nuptis
781 1797 953 1873 nunc]
974 1777 1421 1866 dantsssollertiuh
1446 1790 1645 1860 sponsi.
1675 1803 1739 1860 ist
1754 1791 1936 1843 *fd-4010

276 1866 418 1919 Inde
452 1883 604 1920 casas
638 1870 763 1935 post
798 1884 962 1936 quam
997 1884 1060 1921 ac
1095 1861 1252 1935 pellis
1287 1868 1584 1936 ignemque
1617 1873 1898 1936 pararunt,

205 1944 264 1995 et
297 1942 495 1996 mulier
528 1945 815 1998 coniuncta
849 1944 965 1997 viro
1001 1944 1270 1997 concessit
1305 1944 1363 1996 in
1397 1960 1566 1997 unum
2000 1987 2041 1996 -

205 2019 508 2088 conubium,
546 2021 864 2090 prolemque
900 2038 969 2075 ex
1005 2037 1065 2075 se
1100 2020 1288 2074 videre
1324 2023 1581 2088 creatam,

203 2098 322 2148 tum
357 2112 531 2163 genus
566 2097 860 2150 humanum
895 2097 1131 2166 primum
1168 2097 1484 2150 mollescere
1518 2095 1714 2165 coepit.

202 2172 346 2240 ignis
381 2173 524 2226 enim
560 2173 771 2227 curavit
805 2177 869 2227 ut
905 2173 1040 2227 alsia
1076 2189 1307 2242 corpora
1341 2173 1515 2242 frigus
1840 2186 1936 2226 1015

202 2265 307 2301 nou
342 2249 425 2302 ita
458 2249 567 2301 iam
601 2252 829 2318 possent
863 2249 998 2302 caeli
1033 2249 1136 2303 sub
1173 2249 1416 2317 tegmine
1450 2250 1613 2318 ferre,

202 2327 261 2377 ct
299 2324 488 2377 Venus
523 2324 779 2378 inminuit
812 2325 942 2378 viris
976 2325 1242 2394 puerique
1276 2331 1567 2395 parentum

201 2400 481 2454 blanditiis
514 2399 674 2454 facile
708 2400 989 2467 ingenium
1022 2400 1239 2469 fregere
1275 2403 1584 2471 superbum.

203 2480 333 2531 tunc
369 2479 429 2530 et
462 2476 756 2531 amicitiem
791 2482 1089 2545 coeperunt
1121 2478 1348 2546 iungere
1382 2483 1606 2533 aventes

203 2552 420 2608 finitimi
455 2553 603 2607 inter
638 2570 697 2607 se
731 2570 832 2607 1100
868 2553 1089 2608 laedere
1124 2572 1226 2609 nec
1262 2554 1467 2621 violari,
1841 2568 1937 2609 1020

203 2632 263 2683 et
296 2646 494 2699 pueros
529 2630 984 2685 commendarunt
1020 2631 1397 2700 muliebreque
1433 2633 1685 2701 saeclum,

202 2706 423 2760 vocibus
457 2709 516 2760 et
549 2710 713 2775 gestu
748 2723 874 2761 cum
908 2707 1069 2761 balbe
1103 2706 1476 2775 significarent

201 2781 594 2854 imbecillorum
630 2799 752 2837 esse
786 2800 977 2838 aecum
1011 2783 1324 2838 misererier
1359 2784 1548 2837 omnis.

202 2874 305 2911 nec
338 2860 524 2912 tamen
559 2859 884 2913 omnimodis
918 2862 1138 2928 poterat
1172 2860 1459 2913 concordia
1492 2859 1659 2929 gigni,

202 2933 304 2987 scd
336 2933 479 2987 bona
513 2953 822 3004 magnaque
855 2952 985 3005 pars
1020 2935 1278 2989 servabat
1312 2935 1536 2990 foedera
1570 2937 1750 3000 caste;
1835 2948 1934 2991 102⁵

202 3014 300 3061 aut
333 3024 506 3075 genus
540 3010 837 3064 humanum
873 3012 982 3067 iam
1015 3014 1137 3065 tum
1174 3012 1317 3065 foret
1351 3027 1512 3065 omne
1542 3012 1891 3079 peremptum

202 3100 303 3137 nec
337 3083 606 3149 potuisset
640 3080 819 3138 adhuc
855 3085 1161 3152 perducere
1198 3085 1376 3139 saecla
1410 3101 1666 3154 propage.

277 3160 359 3210 At
393 3158 570 3210 varios
604 3158 822 3225 linguae
858 3161 1068 3213 sonitus
1102 3164 1300 3214 natura
1334 3160 1551 3226 subegit
