<?xml version="1.0" encoding="UTF-8"?>
<!DOCTYPE html PUBLIC "-//W3C//DTD XHTML 1.0 Transitional//EN"
    "http://www.w3.org/TR/xhtml1/DTD/xhtml1-transitional.dtd">
<html xmlns="http://www.w3.org/1999/xhtml" xml:lang="en" lang="en">
 <head>
  <title>
</title>
<meta http-equiv="Content-Type" content="text/html;charset=utf-8" />
  <meta name='ocr-system' content='tesseract 3.04.00' />
  <meta name='ocr-capabilities' content='ocr_page ocr_carea ocr_par ocr_line ocrx_word'/>
</head>
<body>
  <div class='ocr_page' id='page_1' title='image "./tlucreticarider03unkngoog_0129.png"; bbox 0 0 2259 3442; ppageno 0'>
   <div class='ocr_carea' id='block_1_1' title="bbox 1111 118 2016 178">
    <p class='ocr_par' dir='ltr' id='par_1_1' title="bbox 1111 118 2016 178">
     <span class='ocr_line' id='line_1_1' title="bbox 1111 118 2016 178; baseline 0.001 -2"><span class='ocrx_word' id='word_1_1' title='bbox 1111 118 1217 176; x_wconf 96' lang='lat' dir='ltr'><strong>III</strong></span> <span class='ocrx_word' id='word_1_2' title='bbox 1940 122 2016 178; x_wconf 81' lang='lat'><strong>83</strong></span> 
     </span>
    </p>
   </div>
   <div class='ocr_carea' id='block_1_2' title="bbox 259 222 2055 3275">
    <p class='ocr_par' dir='ltr' id='par_1_2' title="bbox 259 222 2018 525">
     <span class='ocr_line' id='line_1_2' title="bbox 299 222 1939 293; baseline 0.003 -16"><span class='ocrx_word' id='word_1_3' title='bbox 299 223 439 278; x_wconf 84' lang='lat' dir='ltr'><strong>illud</strong></span> <span class='ocrx_word' id='word_1_4' title='bbox 470 222 542 277; x_wconf 80' lang='lat' dir='ltr'><strong>ab</strong></span> <span class='ocrx_word' id='word_1_5' title='bbox 576 223 679 278; x_wconf 86' lang='lat' dir='ltr'><strong>hoc</strong></span> <span class='ocrx_word' id='word_1_6' title='bbox 712 223 883 292; x_wconf 82' lang='lat' dir='ltr'><strong>igitur</strong></span> <span class='ocrx_word' id='word_1_7' title='bbox 918 224 1292 293; x_wconf 89' lang='lat' dir='ltr'><strong>quaerendum</strong></span> <span class='ocrx_word' id='word_1_8' title='bbox 1327 226 1429 293; x_wconf 89' lang='lat' dir='ltr'><strong>est,</strong></span> <span class='ocrx_word' id='word_1_9' title='bbox 1464 224 1600 293; x_wconf 87' lang='lat' dir='ltr'><strong>quid</strong></span> <span class='ocrx_word' id='word_1_10' title='bbox 1635 224 1707 279; x_wconf 87' lang='lat' dir='ltr'><strong>sit</strong></span> <span class='ocrx_word' id='word_1_11' title='bbox 1739 225 1906 279; x_wconf 83' lang='lat' dir='ltr'><strong>amari</strong></span> <span class='ocrx_word' id='word_1_12' title='bbox 1930 276 1939 283; x_wconf 87' lang='lat'>.</span> 
     </span>
     <span class='ocr_line' id='line_1_3' title="bbox 300 300 2018 371; baseline 0 -16"><span class='ocrx_word' id='word_1_13' title='bbox 300 304 459 355; x_wconf 80' lang='lat' dir='ltr'><strong>tanto</strong></span> <span class='ocrx_word' id='word_1_14' title='bbox 483 317 665 369; x_wconf 87' lang='lat' dir='ltr'><strong>opere,</strong></span> <span class='ocrx_word' id='word_1_15' title='bbox 688 300 760 354; x_wconf 87' lang='lat' dir='ltr'><strong>ad</strong></span> <span class='ocrx_word' id='word_1_16' title='bbox 785 317 1034 354; x_wconf 87' lang='lat' dir='ltr'><strong>somnum</strong></span> <span class='ocrx_word' id='word_1_17' title='bbox 1060 301 1106 355; x_wconf 86' lang='lat' dir='ltr'><strong>si</strong></span> <span class='ocrx_word' id='word_1_18' title='bbox 1131 317 1222 356; x_wconf 89' lang='lat' dir='ltr'><strong>res</strong></span> <span class='ocrx_word' id='word_1_19' title='bbox 1245 300 1395 355; x_wconf 87' lang='lat' dir='ltr'><strong>redit</strong></span> <span class='ocrx_word' id='word_1_20' title='bbox 1417 303 1587 371; x_wconf 88' lang='lat' dir='ltr'><strong>atque</strong></span> <span class='ocrx_word' id='word_1_21' title='bbox 1612 301 1873 371; x_wconf 85' lang='lat' dir='ltr'><strong>quietem,</strong></span> <span class='ocrx_word' id='word_1_22' title='bbox 1946 317 2018 355; x_wconf 62' lang='lat'><strong>910</strong></span> 
     </span>
     <span class='ocr_line' id='line_1_4' title="bbox 259 377 1725 497; baseline 0 -67"><span class='ocrx_word' id='word_1_23' title='bbox 259 394 398 497; x_wconf 48' lang='lat' dir='ltr'><strong>³gur</strong></span> <span class='ocrx_word' id='word_1_24' title='bbox 434 377 725 446; x_wconf 86' lang='lat' dir='ltr'><strong>quisquam</strong></span> <span class='ocrx_word' id='word_1_25' title='bbox 762 382 988 431; x_wconf 86' lang='lat' dir='ltr'><strong>aeterno</strong></span> <span class='ocrx_word' id='word_1_26' title='bbox 1025 379 1201 447; x_wconf 87' lang='lat' dir='ltr'><strong>possit</strong></span> <span class='ocrx_word' id='word_1_27' title='bbox 1232 378 1521 432; x_wconf 78' lang='lat' dir='ltr'>tabescere</span> <span class='ocrx_word' id='word_1_28' title='bbox 1555 378 1725 433; x_wconf 86' lang='lat' dir='ltr'><strong>luctu.</strong></span> 
     </span>
     <span class='ocr_line' id='line_1_5' title="bbox 375 454 1786 525; baseline 0.003 -18"><span class='ocrx_word' id='word_1_29' title='bbox 375 454 498 507; x_wconf 91' lang='lat' dir='ltr'><strong>Hoc</strong></span> <span class='ocrx_word' id='word_1_30' title='bbox 534 454 702 508; x_wconf 82' lang='lat' dir='ltr'><strong>etiam</strong></span> <span class='ocrx_word' id='word_1_31' title='bbox 737 454 946 508; x_wconf 86' lang='lat' dir='ltr'><strong>faciunt</strong></span> <span class='ocrx_word' id='word_1_32' title='bbox 981 454 1077 508; x_wconf 91' lang='lat' dir='ltr'><strong>ubi</strong></span> <span class='ocrx_word' id='word_1_33' title='bbox 1115 455 1442 510; x_wconf 76' lang='lat' dir='ltr'><strong>discubuere</strong></span> <span class='ocrx_word' id='word_1_34' title='bbox 1478 459 1786 525; x_wconf 76' lang='lat' dir='ltr'><strong>tenentque</strong></span> 
     </span>
    </p>

    <p class='ocr_par' dir='ltr' id='par_1_3' title="bbox 301 530 2055 1899">
     <span class='ocr_line' id='line_1_6' title="bbox 301 530 1813 603; baseline 0.001 -18"><span class='ocrx_word' id='word_1_35' title='bbox 301 530 496 603; x_wconf 85' lang='lat' dir='ltr'><strong>pocula</strong></span> <span class='ocrx_word' id='word_1_36' title='bbox 531 547 693 599; x_wconf 80' lang='lat' dir='ltr'><strong>saepe</strong></span> <span class='ocrx_word' id='word_1_37' title='bbox 728 530 975 584; x_wconf 87' lang='lat' dir='ltr'><strong>homines</strong></span> <span class='ocrx_word' id='word_1_38' title='bbox 1010 535 1069 586; x_wconf 92' lang='lat' dir='ltr'><strong>et</strong></span> <span class='ocrx_word' id='word_1_39' title='bbox 1102 531 1419 586; x_wconf 83' lang='lat' dir='ltr'><strong>inumbrant</strong></span> <span class='ocrx_word' id='word_1_40' title='bbox 1455 549 1553 586; x_wconf 88' lang='lat' dir='ltr'><strong>ora</strong></span> <span class='ocrx_word' id='word_1_41' title='bbox 1587 534 1813 601; x_wconf 88' lang='lat' dir='ltr'><strong>coronis,</strong></span> 
     </span>
     <span class='ocr_line' id='line_1_7' title="bbox 304 607 1957 674; baseline 0.001 -13"><span class='ocrx_word' id='word_1_42' title='bbox 304 625 373 661; x_wconf 86' lang='lat' dir='ltr'><strong>ex</strong></span> <span class='ocrx_word' id='word_1_43' title='bbox 409 607 591 661; x_wconf 88' lang='lat' dir='ltr'><strong>animo</strong></span> <span class='ocrx_word' id='word_1_44' title='bbox 625 611 690 662; x_wconf 85' lang='lat' dir='ltr'><strong>ut</strong></span> <span class='ocrx_word' id='word_1_45' title='bbox 726 607 911 661; x_wconf 85' lang='lat' dir='ltr'><strong>dicant</strong></span> <span class='ocrx_word' id='word_1_46' title='bbox 945 607 1152 662; x_wconf 87' lang='lat' dir='ltr'><strong>‘brevis</strong></span> <span class='ocrx_word' id='word_1_47' title='bbox 1186 609 1276 663; x_wconf 87' lang='lat' dir='ltr'><strong>hic</strong></span> <span class='ocrx_word' id='word_1_48' title='bbox 1310 611 1396 663; x_wconf 85' lang='lat' dir='ltr'><strong>est</strong></span> <span class='ocrx_word' id='word_1_49' title='bbox 1429 609 1640 663; x_wconf 86' lang='lat' dir='ltr'><strong>fructus</strong></span> <span class='ocrx_word' id='word_1_50' title='bbox 1674 609 1957 674; x_wconf 85' lang='lat' dir='ltr'><strong>homullis3</strong></span> 
     </span>
     <span class='ocr_line' id='line_1_8' title="bbox 301 684 2016 755; baseline 0.001 -18"><span class='ocrx_word' id='word_1_51' title='bbox 301 686 412 738; x_wconf 83' lang='lat' dir='ltr'><strong>iam</strong></span> <span class='ocrx_word' id='word_1_52' title='bbox 448 684 615 739; x_wconf 84' lang='lat' dir='ltr'><strong>fuerit</strong></span> <span class='ocrx_word' id='word_1_53' title='bbox 649 701 830 753; x_wconf 89' lang='lat' dir='ltr'><strong>neque</strong></span> <span class='ocrx_word' id='word_1_54' title='bbox 863 688 991 754; x_wconf 92' lang='lat' dir='ltr'><strong>post</strong></span> <span class='ocrx_word' id='word_1_55' title='bbox 1026 702 1287 755; x_wconf 74' lang='lat' dir='ltr'><strong>uinquam</strong></span> <span class='ocrx_word' id='word_1_56' title='bbox 1322 702 1579 740; x_wconf 83' lang='lat' dir='ltr'><strong>revocare</strong></span> <span class='ocrx_word' id='word_1_57' title='bbox 1614 685 1830 740; x_wconf 69' lang='lat' dir='ltr'><strong>licebit?</strong></span> <span class='ocrx_word' id='word_1_58' title='bbox 1943 700 2016 738; x_wconf 72' lang='lat'><strong>915</strong></span> 
     </span>
     <span class='ocr_line' id='line_1_9' title="bbox 302 761 1930 830; baseline 0.001 -16"><span class='ocrx_word' id='word_1_59' title='bbox 302 764 581 830; x_wconf 80' lang='lat' dir='ltr'><strong>tamquam</strong></span> <span class='ocrx_word' id='word_1_60' title='bbox 615 761 674 815; x_wconf 89' lang='lat' dir='ltr'><strong>iu</strong></span> <span class='ocrx_word' id='word_1_61' title='bbox 708 764 888 816; x_wconf 85' lang='lat' dir='ltr'><strong>morte</strong></span> <span class='ocrx_word' id='word_1_62' title='bbox 924 762 1053 815; x_wconf 87' lang='lat' dir='ltr'><strong>mali</strong></span> <span class='ocrx_word' id='word_1_63' title='bbox 1087 779 1212 815; x_wconf 91' lang='lat' dir='ltr'><strong>cum</strong></span> <span class='ocrx_word' id='word_1_64' title='bbox 1248 761 1441 830; x_wconf 87' lang='lat' dir='ltr'><strong>primis</strong></span> <span class='ocrx_word' id='word_1_65' title='bbox 1475 762 1581 816; x_wconf 85' lang='lat' dir='ltr'><strong>hoc</strong></span> <span class='ocrx_word' id='word_1_66' title='bbox 1616 762 1688 816; x_wconf 91' lang='lat' dir='ltr'><strong>sit</strong></span> <span class='ocrx_word' id='word_1_67' title='bbox 1724 779 1930 830; x_wconf 84' lang='lat' dir='ltr'><strong>eorum,</strong></span> 
     </span>
     <span class='ocr_line' id='line_1_10' title="bbox 302 837 1725 907; baseline 0.001 -16"><span class='ocrx_word' id='word_1_68' title='bbox 302 838 452 906; x_wconf 79' lang='lat' dir='ltr'><strong>quod</strong></span> <span class='ocrx_word' id='word_1_69' title='bbox 486 838 607 892; x_wconf 86' lang='lat' dir='ltr'><strong>sitis</strong></span> <span class='ocrx_word' id='word_1_70' title='bbox 643 842 840 893; x_wconf 86' lang='lat' dir='ltr'><strong>exurat</strong></span> <span class='ocrx_word' id='word_1_71' title='bbox 874 839 1101 892; x_wconf 87' lang='lat' dir='ltr'><strong>miseros</strong></span> <span class='ocrx_word' id='word_1_72' title='bbox 1138 843 1306 907; x_wconf 82' lang='lat' dir='ltr'><strong>atque</strong></span> <span class='ocrx_word' id='word_1_73' title='bbox 1341 837 1496 892; x_wconf 87' lang='lat' dir='ltr'><strong>arida</strong></span> <span class='ocrx_word' id='word_1_74' title='bbox 1530 841 1725 907; x_wconf 77' lang='lat' dir='ltr'><strong>torreS,</strong></span> 
     </span>
     <span class='ocr_line' id='line_1_11' title="bbox 302 914 1534 969; baseline 0.001 -2"><span class='ocrx_word' id='word_1_75' title='bbox 302 917 399 968; x_wconf 85' lang='lat' dir='ltr'><strong>aut</strong></span> <span class='ocrx_word' id='word_1_76' title='bbox 434 914 574 969; x_wconf 83' lang='lat' dir='ltr'><strong>aliae</strong></span> <span class='ocrx_word' id='word_1_77' title='bbox 609 915 761 969; x_wconf 90' lang='lat' dir='ltr'><strong>cuius</strong></span> <span class='ocrx_word' id='word_1_78' title='bbox 797 914 1130 969; x_wconf 88' lang='lat' dir='ltr'><strong>desiderium</strong></span> <span class='ocrx_word' id='word_1_79' title='bbox 1166 914 1404 968; x_wconf 86' lang='lat' dir='ltr'><strong>insideat</strong></span> <span class='ocrx_word' id='word_1_80' title='bbox 1437 915 1534 968; x_wconf 88' lang='lat' dir='ltr'><strong>rei.</strong></span> 
     </span>
     <span class='ocr_line' id='line_1_12' title="bbox 301 990 1908 1060; baseline 0.001 -18"><span class='ocrx_word' id='word_1_81' title='bbox 301 1006 404 1043; x_wconf 86' lang='lat' dir='ltr'><strong>nec</strong></span> <span class='ocrx_word' id='word_1_82' title='bbox 437 990 543 1043; x_wconf 89' lang='lat' dir='ltr'><strong>sibi</strong></span> <span class='ocrx_word' id='word_1_83' title='bbox 579 991 723 1044; x_wconf 89' lang='lat' dir='ltr'><strong>enim</strong></span> <span class='ocrx_word' id='word_1_84' title='bbox 760 991 1049 1060; x_wconf 82' lang='lat' dir='ltr'><strong>quisquam</strong></span> <span class='ocrx_word' id='word_1_85' title='bbox 1086 993 1207 1044; x_wconf 92' lang='lat' dir='ltr'><strong>tum</strong></span> <span class='ocrx_word' id='word_1_86' title='bbox 1243 1007 1303 1044; x_wconf 88' lang='lat' dir='ltr'><strong>se</strong></span> <span class='ocrx_word' id='word_1_87' title='bbox 1338 990 1620 1059; x_wconf 83' lang='lat' dir='ltr'><strong>vitamque</strong></span> <span class='ocrx_word' id='word_1_88' title='bbox 1655 991 1908 1059; x_wconf 75' lang='lat' dir='ltr'><strong>requirit,</strong></span> 
     </span>
     <span class='ocr_line' id='line_1_13' title="bbox 302 1065 2016 1136; baseline 0.001 -18"><span class='ocrx_word' id='word_1_89' title='bbox 302 1083 426 1119; x_wconf 88' lang='lat' dir='ltr'><strong>cum</strong></span> <span class='ocrx_word' id='word_1_90' title='bbox 461 1065 672 1134; x_wconf 82' lang='lat' dir='ltr'><strong>pariter</strong></span> <span class='ocrx_word' id='word_1_91' title='bbox 705 1083 861 1120; x_wconf 88' lang='lat' dir='ltr'><strong>mens</strong></span> <span class='ocrx_word' id='word_1_92' title='bbox 896 1069 955 1119; x_wconf 86' lang='lat' dir='ltr'><strong>et</strong></span> <span class='ocrx_word' id='word_1_93' title='bbox 990 1083 1187 1135; x_wconf 83' lang='lat' dir='ltr'><strong>corpus</strong></span> <span class='ocrx_word' id='word_1_94' title='bbox 1223 1066 1402 1136; x_wconf 81' lang='lat' dir='ltr'><strong>sopita</strong></span> <span class='ocrx_word' id='word_1_95' title='bbox 1436 1066 1735 1134; x_wconf 85' lang='lat' dir='ltr'><strong>quiescunt.</strong></span> <span class='ocrx_word' id='word_1_96' title='bbox 1943 1082 2016 1120; x_wconf 76' lang='lat'><strong>920</strong></span> 
     </span>
     <span class='ocr_line' id='line_1_14' title="bbox 301 1138 2055 1211; baseline 0.003 -17"><span class='ocrx_word' id='word_1_97' title='bbox 301 1158 429 1195; x_wconf 83' lang='lat' dir='ltr'><strong>nam</strong></span> <span class='ocrx_word' id='word_1_98' title='bbox 464 1141 594 1195; x_wconf 87' lang='lat' dir='ltr'><strong>licet</strong></span> <span class='ocrx_word' id='word_1_99' title='bbox 628 1145 911 1196; x_wconf 85' lang='lat' dir='ltr'><strong>aeternum</strong></span> <span class='ocrx_word' id='word_1_100' title='bbox 948 1159 1049 1211; x_wconf 89' lang='lat' dir='ltr'><strong>per</strong></span> <span class='ocrx_word' id='word_1_101' title='bbox 1082 1158 1182 1196; x_wconf 86' lang='lat' dir='ltr'><strong>nos</strong></span> <span class='ocrx_word' id='word_1_102' title='bbox 1217 1142 1294 1196; x_wconf 85' lang='lat' dir='ltr'><strong>sic</strong></span> <span class='ocrx_word' id='word_1_103' title='bbox 1330 1158 1449 1195; x_wconf 89' lang='lat' dir='ltr'><strong>esse</strong></span> <span class='ocrx_word' id='word_1_104' title='bbox 1486 1158 1750 1211; x_wconf 86' lang='lat' dir='ltr'><strong>soporem.</strong></span> <span class='ocrx_word' id='word_1_105' title='bbox 2049 1138 2055 1144; x_wconf 71' lang='grc'><strong>’</strong></span> 
     </span>
     <span class='ocr_line' id='line_1_15' title="bbox 302 1216 1561 1272; baseline 0.001 -2"><span class='ocrx_word' id='word_1_106' title='bbox 302 1232 404 1271; x_wconf 84' lang='lat' dir='ltr'><strong>nec</strong></span> <span class='ocrx_word' id='word_1_107' title='bbox 439 1216 773 1271; x_wconf 87' lang='lat' dir='ltr'><strong>desiderium</strong></span> <span class='ocrx_word' id='word_1_108' title='bbox 809 1219 982 1272; x_wconf 84' lang='lat' dir='ltr'><strong>nostri</strong></span> <span class='ocrx_word' id='word_1_109' title='bbox 1017 1235 1116 1272; x_wconf 90' lang='lat' dir='ltr'><strong>nos</strong></span> <span class='ocrx_word' id='word_1_110' title='bbox 1152 1218 1341 1272; x_wconf 85' lang='lat' dir='ltr'><strong>adficit</strong></span> <span class='ocrx_word' id='word_1_111' title='bbox 1375 1218 1561 1271; x_wconf 90' lang='lat' dir='ltr'><strong>ullum.</strong></span> 
     </span>
     <span class='ocr_line' id='line_1_16' title="bbox 303 1294 1920 1364; baseline 0.001 -17"><span class='ocrx_word' id='word_1_112' title='bbox 303 1297 364 1348; x_wconf 85' lang='lat' dir='ltr'><strong>et</strong></span> <span class='ocrx_word' id='word_1_113' title='bbox 397 1297 584 1348; x_wconf 86' lang='lat' dir='ltr'><strong>tamen</strong></span> <span class='ocrx_word' id='word_1_114' title='bbox 619 1294 1047 1364; x_wconf 76' lang='lat' dir='ltr'><strong>haudquaquam</strong></span> <span class='ocrx_word' id='word_1_115' title='bbox 1085 1299 1300 1349; x_wconf 87' lang='lat' dir='ltr'><strong>nostros</strong></span> <span class='ocrx_word' id='word_1_116' title='bbox 1336 1298 1467 1348; x_wconf 88' lang='lat' dir='ltr'><strong>tunc</strong></span> <span class='ocrx_word' id='word_1_117' title='bbox 1501 1295 1596 1348; x_wconf 85' lang='lat' dir='ltr'><strong>illa</strong></span> <span class='ocrx_word' id='word_1_118' title='bbox 1630 1311 1732 1363; x_wconf 90' lang='lat' dir='ltr'><strong>per</strong></span> <span class='ocrx_word' id='word_1_119' title='bbox 1765 1298 1920 1349; x_wconf 80' lang='lat' dir='ltr'><strong>artus</strong></span> 
     </span>
     <span class='ocr_line' id='line_1_17' title="bbox 301 1369 1735 1440; baseline 0.001 -16"><span class='ocrx_word' id='word_1_120' title='bbox 301 1369 463 1440; x_wconf 87' lang='lat' dir='ltr'><strong>ionge</strong></span> <span class='ocrx_word' id='word_1_121' title='bbox 499 1371 568 1425; x_wconf 85' lang='lat' dir='ltr'><strong>ab</strong></span> <span class='ocrx_word' id='word_1_122' title='bbox 606 1371 883 1425; x_wconf 80' lang='lat' dir='ltr'><strong>sensiferis</strong></span> <span class='ocrx_word' id='word_1_123' title='bbox 919 1370 1221 1440; x_wconf 78' lang='lat' dir='ltr'><strong>primordia</strong></span> <span class='ocrx_word' id='word_1_124' title='bbox 1256 1371 1496 1426; x_wconf 87' lang='lat' dir='ltr'><strong>motibus</strong></span> <span class='ocrx_word' id='word_1_125' title='bbox 1531 1375 1735 1439; x_wconf 84' lang='lat' dir='ltr'><strong>errant,</strong></span> 
     </span>
     <span class='ocr_line' id='line_1_18' title="bbox 301 1447 2013 1517; baseline 0 -16"><span class='ocrx_word' id='word_1_126' title='bbox 301 1465 425 1502; x_wconf 87' lang='lat' dir='ltr'><strong>cum</strong></span> <span class='ocrx_word' id='word_1_127' title='bbox 460 1451 747 1517; x_wconf 85' lang='lat' dir='ltr'><strong>correptus</strong></span> <span class='ocrx_word' id='word_1_128' title='bbox 785 1448 948 1502; x_wconf 87' lang='lat' dir='ltr'><strong>homo</strong></span> <span class='ocrx_word' id='word_1_129' title='bbox 984 1464 1053 1502; x_wconf 86' lang='lat' dir='ltr'><strong>ex</strong></span> <span class='ocrx_word' id='word_1_130' title='bbox 1091 1465 1280 1502; x_wconf 86' lang='lat' dir='ltr'><strong>somno</strong></span> <span class='ocrx_word' id='word_1_131' title='bbox 1317 1465 1376 1502; x_wconf 89' lang='lat' dir='ltr'><strong>se</strong></span> <span class='ocrx_word' id='word_1_132' title='bbox 1410 1447 1618 1517; x_wconf 85' lang='lat' dir='ltr'><strong>colligit</strong></span> <span class='ocrx_word' id='word_1_133' title='bbox 1652 1448 1784 1517; x_wconf 82' lang='lat' dir='ltr'><strong>ipsc.</strong></span> <span class='ocrx_word' id='word_1_134' title='bbox 1940 1462 2013 1501; x_wconf 71' lang='lat'><strong>92³5</strong></span> 
     </span>
     <span class='ocr_line' id='line_1_19' title="bbox 302 1525 1981 1594; baseline 0.001 -16"><span class='ocrx_word' id='word_1_135' title='bbox 302 1525 477 1579; x_wconf 83' lang='lat' dir='ltr'><strong>multo</strong></span> <span class='ocrx_word' id='word_1_136' title='bbox 513 1525 685 1594; x_wconf 81' lang='lat' dir='ltr'><strong>igitur</strong></span> <span class='ocrx_word' id='word_1_137' title='bbox 719 1529 955 1579; x_wconf 87' lang='lat' dir='ltr'><strong>mortem</strong></span> <span class='ocrx_word' id='word_1_138' title='bbox 991 1527 1170 1579; x_wconf 87' lang='lat' dir='ltr'><strong>minus</strong></span> <span class='ocrx_word' id='word_1_139' title='bbox 1206 1525 1278 1579; x_wconf 85' lang='lat' dir='ltr'><strong>ad</strong></span> <span class='ocrx_word' id='word_1_140' title='bbox 1315 1542 1414 1579; x_wconf 90' lang='lat' dir='ltr'><strong>nos</strong></span> <span class='ocrx_word' id='word_1_141' title='bbox 1449 1542 1569 1579; x_wconf 89' lang='lat' dir='ltr'><strong>esse</strong></span> <span class='ocrx_word' id='word_1_142' title='bbox 1605 1525 1981 1594; x_wconf 80' lang='lat' dir='ltr'><strong>putandumst,</strong></span> 
     </span>
     <span class='ocr_line' id='line_1_20' title="bbox 301 1601 1910 1671; baseline 0.002 -19"><span class='ocrx_word' id='word_1_143' title='bbox 301 1602 349 1654; x_wconf 77' lang='lat' dir='ltr'><strong>si</strong></span> <span class='ocrx_word' id='word_1_144' title='bbox 387 1602 566 1655; x_wconf 91' lang='lat' dir='ltr'><strong>minus</strong></span> <span class='ocrx_word' id='word_1_145' title='bbox 595 1618 721 1656; x_wconf 84' lang='lat' dir='ltr'><strong>esse</strong></span> <span class='ocrx_word' id='word_1_146' title='bbox 756 1605 943 1671; x_wconf 86' lang='lat' dir='ltr'><strong>potest</strong></span> <span class='ocrx_word' id='word_1_147' title='bbox 978 1618 1145 1670; x_wconf 87' lang='lat' dir='ltr'><strong>quam</strong></span> <span class='ocrx_word' id='word_1_148' title='bbox 1180 1601 1327 1670; x_wconf 87' lang='lat' dir='ltr'><strong>quod</strong></span> <span class='ocrx_word' id='word_1_149' title='bbox 1362 1601 1438 1655; x_wconf 84' lang='lat' dir='ltr'><strong>nil</strong></span> <span class='ocrx_word' id='word_1_150' title='bbox 1474 1618 1595 1656; x_wconf 88' lang='lat' dir='ltr'><strong>esse</strong></span> <span class='ocrx_word' id='word_1_151' title='bbox 1630 1601 1910 1669; x_wconf 86' lang='lat' dir='ltr'><strong>videmus;</strong></span> 
     </span>
     <span class='ocr_line' id='line_1_21' title="bbox 305 1677 1594 1733; baseline 0 -3"><span class='ocrx_word' id='word_1_152' title='bbox 305 1678 479 1733; x_wconf 88' lang='lat' dir='ltr'><strong>maior</strong></span> <span class='ocrx_word' id='word_1_153' title='bbox 514 1679 660 1733; x_wconf 85' lang='lat' dir='ltr'><strong>enim</strong></span> <span class='ocrx_word' id='word_1_154' title='bbox 694 1678 893 1732; x_wconf 86' lang='lat' dir='ltr'><strong>turbae</strong></span> <span class='ocrx_word' id='word_1_155' title='bbox 929 1677 1189 1732; x_wconf 87' lang='lat' dir='ltr'><strong>disiectus</strong></span> <span class='ocrx_word' id='word_1_156' title='bbox 1224 1678 1506 1732; x_wconf 81' lang='lat' dir='ltr'><strong>materiai.</strong></span> <span class='ocrx_word' id='word_1_157' title='bbox 1586 1710 1594 1717; x_wconf 89' lang='lat'><strong>·</strong></span> 
     </span>
     <span class='ocr_line' id='line_1_22' title="bbox 305 1754 1858 1823; baseline 0.002 -17"><span class='ocrx_word' id='word_1_158' title='bbox 305 1755 660 1823; x_wconf 86' lang='lat' dir='ltr'><strong>consequitur</strong></span> <span class='ocrx_word' id='word_1_159' title='bbox 694 1755 806 1815; x_wconf 85' lang='lat' dir='ltr'><strong>leto</strong></span> <span class='ocrx_word' id='word_1_160' title='bbox 841 1771 943 1809; x_wconf 90' lang='lat' dir='ltr'><strong>nec</strong></span> <span class='ocrx_word' id='word_1_161' title='bbox 978 1755 1269 1823; x_wconf 80' lang='lat' dir='ltr'><strong>quisquam</strong></span> <span class='ocrx_word' id='word_1_162' title='bbox 1306 1754 1626 1823; x_wconf 84' lang='lat' dir='ltr'><strong>expergitus</strong></span> <span class='ocrx_word' id='word_1_163' title='bbox 1659 1759 1858 1821; x_wconf 82' lang='lat' dir='ltr'><strong>exstat,</strong></span> 
     </span>
     <span class='ocr_line' id='line_1_23' title="bbox 303 1829 2013 1899; baseline 0.002 -17"><span class='ocrx_word' id='word_1_164' title='bbox 303 1829 505 1897; x_wconf 64' lang='lat' dir='ltr'><strong>stig-ida</strong></span> <span class='ocrx_word' id='word_1_165' title='bbox 543 1846 708 1899; x_wconf 91' lang='lat' dir='ltr'><strong>quem</strong></span> <span class='ocrx_word' id='word_1_166' title='bbox 746 1830 915 1885; x_wconf 88' lang='lat' dir='ltr'><strong>semel</strong></span> <span class='ocrx_word' id='word_1_167' title='bbox 951 1832 1039 1884; x_wconf 87' lang='lat' dir='ltr'><strong>est</strong></span> <span class='ocrx_word' id='word_1_168' title='bbox 1073 1831 1208 1883; x_wconf 87' lang='lat' dir='ltr'><strong>vitai</strong></span> <span class='ocrx_word' id='word_1_169' title='bbox 1242 1846 1415 1898; x_wconf 86' lang='lat' dir='ltr'><strong>pausa</strong></span> <span class='ocrx_word' id='word_1_170' title='bbox 1450 1835 1649 1885; x_wconf 83' lang='lat' dir='ltr'><strong>secuta.</strong></span> <span class='ocrx_word' id='word_1_171' title='bbox 1939 1845 2013 1885; x_wconf 70' lang='lat'><strong>9:³0</strong></span> 
     </span>
    </p>

    <p class='ocr_par' dir='ltr' id='par_1_4' title="bbox 300 1906 2014 3275">
     <span class='ocr_line' id='line_1_24' title="bbox 376 1906 1656 1976; baseline 0.001 -17"><span class='ocrx_word' id='word_1_172' title='bbox 376 1906 628 1974; x_wconf 89' lang='lat' dir='ltr'><strong>Denique</strong></span> <span class='ocrx_word' id='word_1_173' title='bbox 666 1906 713 1958; x_wconf 89' lang='lat' dir='ltr'><strong>si</strong></span> <span class='ocrx_word' id='word_1_174' title='bbox 748 1921 937 1959; x_wconf 84' lang='lat' dir='ltr'><strong>vocem</strong></span> <span class='ocrx_word' id='word_1_175' title='bbox 973 1923 1158 1960; x_wconf 90' lang='lat' dir='ltr'><strong>rerum</strong></span> <span class='ocrx_word' id='word_1_176' title='bbox 1195 1909 1394 1959; x_wconf 82' lang='lat' dir='ltr'><strong>natura</strong></span> <span class='ocrx_word' id='word_1_177' title='bbox 1428 1911 1656 1976; x_wconf 87' lang='lat' dir='ltr'><strong>repente</strong></span> 
     </span>
     <span class='ocr_line' id='line_1_25' title="bbox 305 1980 1755 2050; baseline 0.001 -15"><span class='ocrx_word' id='word_1_178' title='bbox 305 1982 493 2036; x_wconf 85' lang='lat' dir='ltr'><strong>mittat</strong></span> <span class='ocrx_word' id='word_1_179' title='bbox 528 1984 588 2035; x_wconf 89' lang='lat' dir='ltr'><strong>et</strong></span> <span class='ocrx_word' id='word_1_180' title='bbox 622 1982 726 2035; x_wconf 91' lang='lat' dir='ltr'><strong>hoc</strong></span> <span class='ocrx_word' id='word_1_181' title='bbox 762 1981 923 2035; x_wconf 86' lang='lat' dir='ltr'><strong>alicui</strong></span> <span class='ocrx_word' id='word_1_182' title='bbox 956 1985 1205 2036; x_wconf 87' lang='lat' dir='ltr'><strong>nostrum</strong></span> <span class='ocrx_word' id='word_1_183' title='bbox 1243 1982 1319 2034; x_wconf 89' lang='lat' dir='ltr'><strong>sic</strong></span> <span class='ocrx_word' id='word_1_184' title='bbox 1353 1982 1601 2050; x_wconf 88' lang='lat' dir='ltr'><strong>increpet</strong></span> <span class='ocrx_word' id='word_1_185' title='bbox 1635 1980 1755 2050; x_wconf 74' lang='lat' dir='ltr'><strong>ipsa</strong></span> 
     </span>
     <span class='ocr_line' id='line_1_26' title="bbox 305 2057 1959 2127; baseline 0.002 -18"><span class='ocrx_word' id='word_1_186' title='bbox 305 2058 466 2127; x_wconf 87' lang='lat' dir='ltr'><strong>‘quid</strong></span> <span class='ocrx_word' id='word_1_187' title='bbox 500 2057 603 2112; x_wconf 86' lang='lat' dir='ltr'><strong>tibi</strong></span> <span class='ocrx_word' id='word_1_188' title='bbox 640 2061 795 2112; x_wconf 85' lang='lat' dir='ltr'><strong>tanto</strong></span> <span class='ocrx_word' id='word_1_189' title='bbox 832 2061 1067 2127; x_wconf 88' lang='lat' dir='ltr'><strong>operest,</strong></span> <span class='ocrx_word' id='word_1_190' title='bbox 1103 2057 1365 2126; x_wconf 76' lang='lat' dir='ltr'><strong>mortaHS,</strong></span> <span class='ocrx_word' id='word_1_191' title='bbox 1403 2059 1550 2127; x_wconf 88' lang='lat' dir='ltr'><strong>quod</strong></span> <span class='ocrx_word' id='word_1_192' title='bbox 1585 2058 1746 2111; x_wconf 78' lang='lat' dir='ltr'><strong>nimis</strong></span> <span class='ocrx_word' id='word_1_193' title='bbox 1781 2059 1959 2126; x_wconf 80' lang='lat' dir='ltr'><strong>aegris</strong></span> 
     </span>
     <span class='ocr_line' id='line_1_27' title="bbox 300 2133 1875 2204; baseline 0.001 -17"><span class='ocrx_word' id='word_1_194' title='bbox 300 2134 542 2189; x_wconf 85' lang='lat' dir='ltr'><strong>luctibus</strong></span> <span class='ocrx_word' id='word_1_195' title='bbox 574 2133 860 2202; x_wconf 68' lang='lat' dir='ltr'><strong>indulges?</strong></span> <span class='ocrx_word' id='word_1_196' title='bbox 896 2133 1032 2204; x_wconf 90' lang='lat' dir='ltr'><strong>quid</strong></span> <span class='ocrx_word' id='word_1_197' title='bbox 1067 2138 1301 2188; x_wconf 86' lang='lat' dir='ltr'><strong>mortem</strong></span> <span class='ocrx_word' id='word_1_198' title='bbox 1336 2135 1612 2202; x_wconf 85' lang='lat' dir='ltr'><strong>congemis</strong></span> <span class='ocrx_word' id='word_1_199' title='bbox 1645 2150 1725 2188; x_wconf 77' lang='lat' dir='ltr'><strong>ac‘</strong></span> <span class='ocrx_word' id='word_1_200' title='bbox 1744 2134 1875 2188; x_wconf 79' lang='lat' dir='ltr'><strong>fles!</strong></span> 
     </span>
     <span class='ocr_line' id='line_1_28' title="bbox 303 2210 2014 2281; baseline -0.001 -17"><span class='ocrx_word' id='word_1_201' title='bbox 303 2227 432 2265; x_wconf 81' lang='lat' dir='ltr'><strong>nam</strong></span> <span class='ocrx_word' id='word_1_202' title='bbox 465 2211 641 2281; x_wconf 80' lang='lat' dir='ltr'><strong>gratis</strong></span> <span class='ocrx_word' id='word_1_203' title='bbox 676 2214 929 2266; x_wconf 81' lang='lat' dir='ltr'><strong>anteacta</strong></span> <span class='ocrx_word' id='word_1_204' title='bbox 962 2211 1069 2265; x_wconf 77' lang='lat' dir='ltr'><strong>fuit</strong></span> <span class='ocrx_word' id='word_1_205' title='bbox 1103 2210 1206 2265; x_wconf 85' lang='lat' dir='ltr'><strong>tibi</strong></span> <span class='ocrx_word' id='word_1_206' title='bbox 1241 2210 1356 2264; x_wconf 82' lang='lat' dir='ltr'><strong>vita</strong></span> <span class='ocrx_word' id='word_1_207' title='bbox 1389 2212 1647 2279; x_wconf 91' lang='lat' dir='ltr'><strong>priorque</strong></span> <span class='ocrx_word' id='word_1_208' title='bbox 1940 2226 2014 2263; x_wconf 65' lang='grc' dir='ltr'><strong>ωε»</strong></span> 
     </span>
     <span class='ocr_line' id='line_1_29' title="bbox 304 2287 1760 2356; baseline -0.001 -14"><span class='ocrx_word' id='word_1_209' title='bbox 304 2292 364 2342; x_wconf 90' lang='lat' dir='ltr'><strong>et</strong></span> <span class='ocrx_word' id='word_1_210' title='bbox 398 2304 506 2342; x_wconf 90' lang='lat' dir='ltr'><strong>non</strong></span> <span class='ocrx_word' id='word_1_211' title='bbox 543 2287 726 2343; x_wconf 85' lang='lat' dir='ltr'><strong>omnia</strong></span> <span class='ocrx_word' id='word_1_212' title='bbox 760 2291 1047 2356; x_wconf 88' lang='lat' dir='ltr'><strong>pertusum</strong></span> <span class='ocrx_word' id='word_1_213' title='bbox 1084 2293 1344 2356; x_wconf 85' lang='lat' dir='ltr'><strong>congesta</strong></span> <span class='ocrx_word' id='word_1_214' title='bbox 1379 2288 1534 2356; x_wconf 83' lang='lat' dir='ltr'><strong>quasi</strong></span> <span class='ocrx_word' id='word_1_215' title='bbox 1571 2287 1627 2341; x_wconf 90' lang='lat' dir='ltr'><strong>in</strong></span> <span class='ocrx_word' id='word_1_216' title='bbox 1663 2303 1760 2340; x_wconf 86' lang='lat' dir='ltr'><strong>vas</strong></span> 
     </span>
     <span class='ocr_line' id='line_1_30' title="bbox 305 2365 1713 2435; baseline 0.001 -16"><span class='ocrx_word' id='word_1_217' title='bbox 305 2365 592 2420; x_wconf 84' lang='lat' dir='ltr'><strong>commoda</strong></span> <span class='ocrx_word' id='word_1_218' title='bbox 625 2365 935 2434; x_wconf 81' lang='lat' dir='ltr'><strong>perfluxere</strong></span> <span class='ocrx_word' id='word_1_219' title='bbox 969 2369 1140 2435; x_wconf 79' lang='lat' dir='ltr'><strong>atque</strong></span> <span class='ocrx_word' id='word_1_220' title='bbox 1174 2365 1393 2433; x_wconf 82' lang='lat' dir='ltr'><strong>ingrata</strong></span> <span class='ocrx_word' id='word_1_221' title='bbox 1426 2365 1713 2420; x_wconf 88' lang='lat' dir='ltr'><strong>interiere:</strong></span> 
     </span>
     <span class='ocr_line' id='line_1_31' title="bbox 304 2440 1565 2510; baseline 0.001 -15"><span class='ocrx_word' id='word_1_222' title='bbox 304 2458 404 2495; x_wconf 84' lang='lat' dir='ltr'><strong>eur</strong></span> <span class='ocrx_word' id='word_1_223' title='bbox 437 2458 546 2495; x_wconf 89' lang='lat' dir='ltr'><strong>non</strong></span> <span class='ocrx_word' id='word_1_224' title='bbox 581 2445 646 2496; x_wconf 89' lang='lat' dir='ltr'><strong>ut</strong></span> <span class='ocrx_word' id='word_1_225' title='bbox 680 2440 875 2510; x_wconf 90' lang='lat' dir='ltr'><strong>plenus</strong></span> <span class='ocrx_word' id='word_1_226' title='bbox 910 2441 1059 2496; x_wconf 84' lang='lat' dir='ltr'><strong>vitae</strong></span> <span class='ocrx_word' id='word_1_227' title='bbox 1094 2443 1321 2495; x_wconf 86' lang='lat' dir='ltr'><strong>conviva</strong></span> <span class='ocrx_word' id='word_1_228' title='bbox 1354 2440 1565 2496; x_wconf 89' lang='lat' dir='ltr'><strong>rccedis</strong></span> 
     </span>
     <span class='ocr_line' id='line_1_32' title="bbox 305 2517 1837 2587; baseline 0.001 -16"><span class='ocrx_word' id='word_1_229' title='bbox 305 2533 484 2586; x_wconf 77' lang='lat' dir='ltr'><strong>aequo</strong></span> <span class='ocrx_word' id='word_1_230' title='bbox 520 2517 812 2585; x_wconf 85' lang='lat' dir='ltr'><strong>animoque</strong></span> <span class='ocrx_word' id='word_1_231' title='bbox 848 2517 998 2586; x_wconf 87' lang='lat' dir='ltr'><strong>capis</strong></span> <span class='ocrx_word' id='word_1_232' title='bbox 1035 2534 1312 2586; x_wconf 89' lang='lat' dir='ltr'><strong>securam‚·</strong></span> <span class='ocrx_word' id='word_1_233' title='bbox 1337 2518 1523 2587; x_wconf 86' lang='lat' dir='ltr'><strong>stulte,</strong></span> <span class='ocrx_word' id='word_1_234' title='bbox 1559 2517 1837 2586; x_wconf 66' lang='lat' dir='ltr'><strong>quietemi</strong></span> 
     </span>
     <span class='ocr_line' id='line_1_33' title="bbox 306 2593 2013 2665; baseline 0.001 -18"><span class='ocrx_word' id='word_1_235' title='bbox 306 2595 391 2647; x_wconf 85' lang='lat' dir='ltr'><strong>sin</strong></span> <span class='ocrx_word' id='word_1_236' title='bbox 425 2610 491 2647; x_wconf 86' lang='lat' dir='ltr'><strong>ea</strong></span> <span class='ocrx_word' id='word_1_237' title='bbox 527 2609 668 2660; x_wconf 88' lang='lat' dir='ltr'><strong>quae</strong></span> <span class='ocrx_word' id='word_1_238' title='bbox 704 2593 913 2646; x_wconf 88' lang='lat' dir='ltr'><strong>fructus</strong></span> <span class='ocrx_word' id='word_1_239' title='bbox 948 2609 1184 2663; x_wconf 90' lang='lat' dir='ltr'><strong>cumque</strong></span> <span class='ocrx_word' id='word_1_240' title='bbox 1219 2611 1280 2648; x_wconf 87' lang='lat' dir='ltr'><strong>es</strong></span> <span class='ocrx_word' id='word_1_241' title='bbox 1315 2595 1530 2665; x_wconf 87' lang='lat' dir='ltr'><strong>periere</strong></span> <span class='ocrx_word' id='word_1_242' title='bbox 1564 2596 1788 2664; x_wconf 83' lang='lat' dir='ltr'><strong>profusa</strong></span> <span class='ocrx_word' id='word_1_243' title='bbox 1941 2608 2013 2648; x_wconf 71' lang='lat'><strong>010</strong></span> 
     </span>
     <span class='ocr_line' id='line_1_34' title="bbox 306 2669 1850 2740; baseline -0.001 -15"><span class='ocrx_word' id='word_1_244' title='bbox 306 2670 532 2739; x_wconf 80' lang='lat' dir='ltr'><strong>vitaque</strong></span> <span class='ocrx_word' id='word_1_245' title='bbox 566 2670 623 2725; x_wconf 88' lang='lat' dir='ltr'><strong>in</strong></span> <span class='ocrx_word' id='word_1_246' title='bbox 659 2669 938 2735; x_wconf 85' lang='lat' dir='ltr'><strong>offensust‚</strong></span> <span class='ocrx_word' id='word_1_247' title='bbox 975 2686 1073 2723; x_wconf 87' lang='lat' dir='ltr'><strong>cur</strong></span> <span class='ocrx_word' id='word_1_248' title='bbox 1108 2671 1339 2740; x_wconf 83' lang='lat' dir='ltr'><strong>amplius</strong></span> <span class='ocrx_word' id='word_1_249' title='bbox 1374 2671 1581 2726; x_wconf 84' lang='lat' dir='ltr'><strong>addere</strong></span> <span class='ocrx_word' id='word_1_250' title='bbox 1616 2674 1850 2740; x_wconf 69' lang='lat' dir='ltr'><strong>quaeris»,</strong></span> 
     </span>
     <span class='ocr_line' id='line_1_35' title="bbox 305 2745 1978 2815; baseline 0.003 -16"><span class='ocrx_word' id='word_1_251' title='bbox 305 2762 523 2800; x_wconf 87' lang='lat' dir='ltr'><strong>rursum</strong></span> <span class='ocrx_word' id='word_1_252' title='bbox 556 2745 706 2815; x_wconf 83' lang='lat' dir='ltr'><strong>quod</strong></span> <span class='ocrx_word' id='word_1_253' title='bbox 741 2750 934 2814; x_wconf 84' lang='lat' dir='ltr'><strong>pereat</strong></span> <span class='ocrx_word' id='word_1_254' title='bbox 969 2745 1112 2800; x_wconf 85' lang='lat' dir='ltr'><strong>male</strong></span> <span class='ocrx_word' id='word_1_255' title='bbox 1148 2752 1208 2801; x_wconf 85' lang='lat' dir='ltr'><strong>et</strong></span> <span class='ocrx_word' id='word_1_256' title='bbox 1240 2747 1517 2815; x_wconf 85' lang='lat' dir='ltr'><strong>ingratum</strong></span> <span class='ocrx_word' id='word_1_257' title='bbox 1553 2746 1768 2801; x_wconf 86' lang='lat' dir='ltr'><strong>occidat</strong></span> <span class='ocrx_word' id='word_1_258' title='bbox 1802 2762 1978 2804; x_wconf 83' lang='lat' dir='ltr'><strong>omne.</strong></span> 
     </span>
     <span class='ocr_line' id='line_1_36' title="bbox 304 2822 1656 2892; baseline 0.003 -18"><span class='ocrx_word' id='word_1_259' title='bbox 304 2838 414 2876; x_wconf 90' lang='lat' dir='ltr'><strong>non</strong></span> <span class='ocrx_word' id='word_1_260' title='bbox 449 2822 633 2891; x_wconf 78' lang='lat' dir='ltr'><strong>potius</strong></span> <span class='ocrx_word' id='word_1_261' title='bbox 666 2822 814 2875; x_wconf 84' lang='lat' dir='ltr'><strong>vitae</strong></span> <span class='ocrx_word' id='word_1_262' title='bbox 850 2822 1013 2875; x_wconf 88' lang='lat' dir='ltr'><strong>finem</strong></span> <span class='ocrx_word' id='word_1_263' title='bbox 1048 2822 1183 2876; x_wconf 84' lang='lat' dir='ltr'><strong>facis</strong></span> <span class='ocrx_word' id='word_1_264' title='bbox 1216 2827 1388 2892; x_wconf 86' lang='lat' dir='ltr'><strong>atque</strong></span> <span class='ocrx_word' id='word_1_265' title='bbox 1423 2823 1656 2878; x_wconf 66' lang='lat' dir='ltr'><strong>laboris?</strong></span> 
     </span>
     <span class='ocr_line' id='line_1_37' title="bbox 304 2897 1830 2971; baseline 0.003 -20"><span class='ocrx_word' id='word_1_266' title='bbox 304 2914 430 2952; x_wconf 83' lang='lat' dir='ltr'><strong>nam</strong></span> <span class='ocrx_word' id='word_1_267' title='bbox 467 2898 572 2954; x_wconf 89' lang='lat' dir='ltr'><strong>tibi</strong></span> <span class='ocrx_word' id='word_1_268' title='bbox 607 2902 900 2968; x_wconf 84' lang='lat' dir='ltr'><strong>praeterea</strong></span> <span class='ocrx_word' id='word_1_269' title='bbox 934 2897 1081 2967; x_wconf 88' lang='lat' dir='ltr'><strong>quod</strong></span> <span class='ocrx_word' id='word_1_270' title='bbox 1116 2899 1411 2963; x_wconf 67' lang='lat' dir='ltr'><strong>machiner,</strong></span> <span class='ocrx_word' id='word_1_271' title='bbox 1433 2900 1830 2971; x_wconf 86' lang='lat' dir='ltr'><strong>inveniamque,</strong></span> 
     </span>
     <span class='ocr_line' id='line_1_38' title="bbox 305 2973 2012 3047; baseline 0 -18"><span class='ocrx_word' id='word_1_272' title='bbox 305 2975 457 3044; x_wconf 85' lang='lat' dir='ltr'><strong>quod</strong></span> <span class='ocrx_word' id='word_1_273' title='bbox 492 2973 721 3046; x_wconf 86' lang='lat' dir='ltr'><strong>placeat,</strong></span> <span class='ocrx_word' id='word_1_274' title='bbox 758 2973 835 3029; x_wconf 85' lang='lat' dir='ltr'><strong>nil</strong></span> <span class='ocrx_word' id='word_1_275' title='bbox 871 2979 984 3029; x_wconf 81' lang='lat' dir='ltr'><strong>est:</strong></span> <span class='ocrx_word' id='word_1_276' title='bbox 1018 2974 1212 3028; x_wconf 84' lang='lat' dir='ltr'><strong>eadem</strong></span> <span class='ocrx_word' id='word_1_277' title='bbox 1250 2978 1379 3030; x_wconf 87' lang='lat' dir='ltr'><strong>sunt</strong></span> <span class='ocrx_word' id='word_1_278' title='bbox 1414 2978 1594 3030; x_wconf 87' lang='lat' dir='ltr'><strong>omnia</strong></span> <span class='ocrx_word' id='word_1_279' title='bbox 1629 2994 1856 3047; x_wconf 86' lang='lat' dir='ltr'><strong>semper.</strong></span> <span class='ocrx_word' id='word_1_280' title='bbox 1937 2990 2012 3029; x_wconf 79' lang='lat'><strong>915</strong></span> 
     </span>
     <span class='ocr_line' id='line_1_39' title="bbox 305 3051 1726 3121; baseline 0.001 -17"><span class='ocrx_word' id='word_1_281' title='bbox 305 3051 350 3104; x_wconf 89' lang='lat' dir='ltr'><strong>si</strong></span> <span class='ocrx_word' id='word_1_282' title='bbox 386 3051 490 3105; x_wconf 88' lang='lat' dir='ltr'><strong>tibi</strong></span> <span class='ocrx_word' id='word_1_283' title='bbox 525 3069 633 3106; x_wconf 88' lang='lat' dir='ltr'><strong>non</strong></span> <span class='ocrx_word' id='word_1_284' title='bbox 668 3053 823 3106; x_wconf 82' lang='lat' dir='ltr'><strong>annis</strong></span> <span class='ocrx_word' id='word_1_285' title='bbox 858 3068 1054 3121; x_wconf 85' lang='lat' dir='ltr'><strong>corpus</strong></span> <span class='ocrx_word' id='word_1_286' title='bbox 1088 3051 1197 3105; x_wconf 79' lang='lat' dir='ltr'><strong>iam</strong></span> <span class='ocrx_word' id='word_1_287' title='bbox 1232 3055 1442 3106; x_wconf 89' lang='lat' dir='ltr'><strong>marcet</strong></span> <span class='ocrx_word' id='word_1_288' title='bbox 1476 3057 1537 3106; x_wconf 90' lang='lat' dir='ltr'><strong>et</strong></span> <span class='ocrx_word' id='word_1_289' title='bbox 1572 3058 1726 3106; x_wconf 84' lang='lat' dir='ltr'><strong>artus</strong></span> 
     </span>
     <span class='ocr_line' id='line_1_40' title="bbox 303 3126 1783 3197; baseline 0.001 -15"><span class='ocrx_word' id='word_1_290' title='bbox 303 3126 538 3182; x_wconf 88' lang='lat' dir='ltr'><strong>confecti</strong></span> <span class='ocrx_word' id='word_1_291' title='bbox 573 3128 854 3197; x_wconf 84' lang='lat' dir='ltr'><strong>languent,</strong></span> <span class='ocrx_word' id='word_1_292' title='bbox 890 3129 1083 3182; x_wconf 87' lang='lat' dir='ltr'><strong>eadem</strong></span> <span class='ocrx_word' id='word_1_293' title='bbox 1119 3131 1308 3182; x_wconf 86' lang='lat' dir='ltr'><strong>tamen</strong></span> <span class='ocrx_word' id='word_1_294' title='bbox 1342 3128 1521 3182; x_wconf 69' lang='lat' dir='ltr'><strong>omnia</strong></span> <span class='ocrx_word' id='word_1_295' title='bbox 1556 3134 1783 3193; x_wconf 76' lang='lat' dir='ltr'><strong>restant,</strong></span> 
     </span>
     <span class='ocr_line' id='line_1_41' title="bbox 305 3204 1548 3275; baseline 0.004 -16"><span class='ocrx_word' id='word_1_296' title='bbox 305 3204 487 3259; x_wconf 84' lang='lat' dir='ltr'><strong>omnia</strong></span> <span class='ocrx_word' id='word_1_297' title='bbox 521 3204 566 3259; x_wconf 88' lang='lat' dir='ltr'><strong>si</strong></span> <span class='ocrx_word' id='word_1_298' title='bbox 602 3222 801 3275; x_wconf 83' lang='lat' dir='ltr'><strong>pergas</strong></span> <span class='ocrx_word' id='word_1_299' title='bbox 836 3205 1068 3263; x_wconf 85' lang='lat' dir='ltr'><strong>vivendo</strong></span> <span class='ocrx_word' id='word_1_300' title='bbox 1105 3205 1324 3260; x_wconf 79' lang='lat' dir='ltr'><strong>vincere</strong></span> <span class='ocrx_word' id='word_1_301' title='bbox 1357 3206 1548 3264; x_wconf 75' lang='lat' dir='ltr'><strong>saecla.</strong></span> 
     </span>
    </p>
   </div>
   <div class='ocr_carea' id='block_1_3' title="bbox 2018 1890 2088 1925">
    <p class='ocr_par' dir='ltr' id='par_1_5' title="bbox 2018 1890 2088 1925">
     <span class='ocr_line' id='line_1_42' title="bbox 2018 1890 2088 1925; baseline 0 -3"><span class='ocrx_word' id='word_1_302' title='bbox 2018 1890 2088 1925; x_wconf 47' lang='lat' dir='ltr'>Q</span> 
     </span>
    </p>
   </div>
  </div>
 </body>
</html>
