2259 3442
1143 110 1202 166 V
1916 115 2026 173 143

325 218 454 269 sunt
488 219 548 268 et
582 215 736 283 larga
771 232 870 268 suo
906 215 1023 269 sinc
1057 214 1260 284 pabula
1291 219 1454 285 parta
1474 215 1690 286 labore,

321 307 463 360 quae
499 292 692 345 damus
726 292 978 346 utilitatis
1014 308 1201 346 eorum
1238 293 1483 361 praemia
1516 310 1695 347 causa.
1957 307 2030 350 870

321 371 381 421 at
414 368 536 436 quis
571 368 647 421 nil
680 367 874 421 horum
909 368 1110 422 tribuit
1145 372 1356 437 natura,
1391 385 1491 423 nec
1526 369 1648 440 ipsa

322 447 519 514 sponte
554 461 655 498 sua
688 448 914 514 possent
947 449 1012 499 ut
1046 446 1234 498 vivere
1268 462 1370 499 nec
1405 444 1539 498 dare
1576 445 1735 499 nobis

319 521 617 575 utilitatem
653 521 887 589 aliquam
923 538 1094 590 quare
1129 525 1448 591 pateremur
1482 538 1671 575 eorum

319 597 592 665 pracsidio
627 601 813 651 nostro
849 599 1000 667 pasci
1033 614 1224 665 genus
1242 614 1468 666 esseque
1505 602 1704 666 tutum,

319 672 527 727 scilicet
560 674 693 728 haec
729 673 849 727 aliis
883 674 1124 744 praedae
1158 673 1417 742 lucroque
1450 674 1704 729 iacebant
1956 687 2032 728 875

317 747 640 819 indupedita
675 751 785 804 suis
818 750 1076 804 fatalibus
1112 750 1293 804 omnia
1327 750 1532 819 vinclis,

318 824 492 880 donec
527 826 600 880 ad
632 826 919 881 interitum
952 844 1125 895 genus
1161 827 1221 880 id
1251 829 1451 880 natura
1483 827 1713 895 redegit.
1766 861 1816 892 4

320 921 325 949 ;
389 901 503 957 Sed
536 919 714 973 neque
751 903 1011 958 Centauri
1044 904 1285 969 fuerunt,
1322 919 1423 957 nec
1459 907 1711 973 tempore
1741 903 1799 956 in
1833 902 1944 957 ullo

318 993 438 1032 esse
475 983 685 1047 queunt
721 980 926 1049 duplici
962 983 1160 1033 natura
1195 981 1255 1032 ct
1289 995 1525 1050 corpore¹
1550 980 1679 1033 bino

316 1070 386 1107 ex
421 1054 734 1122 alienigenis
769 1055 1029 1108 membris
1064 1057 1361 1123 compacta,
1400 1057 1646 1124 potestas
1954 1069 2029 1108 sso

317 1128 445 1182 hinc
480 1129 627 1182 illinc
662 1130 848 1196 visque
882 1133 947 1183 ut
980 1147 1086 1183 non
1124 1135 1212 1183 sat
1246 1147 1348 1199 par
1383 1147 1503 1184 esse
1536 1131 1767 1198 potissit.

314 1204 375 1258 id
409 1204 540 1259 licet
572 1205 698 1259 hinc
733 1210 979 1274 quamvis
1015 1205 1202 1259 hebeti
1239 1223 1562 1274 cognoscere
1597 1207 1777 1261 corde.

315 1281 585 1351 principio
620 1281 825 1336 circum
862 1282 1039 1336 tribus
1074 1282 1213 1336 actis
1249 1282 1480 1352 impiger
1513 1283 1670 1335 annis

316 1355 477 1412 floret
510 1375 654 1426 ecus,
689 1375 828 1428 puer
861 1358 1296 1427 hautquaquam3
1331 1375 1457 1411 nam
1494 1375 1658 1428 saepe
1693 1359 1859 1412 etiam
1881 1375 2025 1413 nunc

314 1432 489 1488 ubera
523 1451 881 1488 mammarum
917 1435 973 1488 in
1010 1434 1212 1489 somnis
1246 1434 1508 1489 laetantia
1543 1438 1782 1504 quaeret.
1950 1450 2025 1489 885

313 1513 444 1580 post
477 1510 571 1565 ubi
607 1528 765 1566 ecum
800 1512 1013 1566 validae
1049 1512 1193 1566 vires
1227 1515 1412 1566 aetate
1449 1515 1671 1566 senecta

314 1587 667 1657 membraque
703 1588 966 1642 deficiunt
999 1588 1237 1660 fugienti
1265 1588 1526 1657 languida
1560 1589 1689 1655 vita,

315 1665 436 1716 tum
477 1664 696 1717 demum
733 1681 904 1734 puero
939 1664 1031 1719 olli
1066 1682 1199 1719 aevo
1235 1665 1464 1719 florente
1499 1665 1749 1719 iuventas

315 1740 516 1809 occipit
550 1744 610 1794 et
644 1741 794 1794 molli
829 1743 997 1796 vestit
1031 1743 1284 1809 lanugine
1319 1742 1503 1795 malas.

315 1832 386 1869 ne
421 1817 564 1870 forte
601 1833 670 1870 ex
706 1816 924 1870 homine
960 1821 1018 1871 et
1052 1819 1299 1871 veterino
1337 1818 1540 1871 semine
1576 1833 1840 1885 equorum
1951 1833 2023 1872 890

312 1892 535 1945 confieri
570 1892 763 1945 eredas
799 1893 1101 1946 Centauros
1137 1909 1298 1961 posse
1331 1909 1509 1960 neque
1545 1908 1680 1959 csse,

311 1971 409 2021 aut
443 1967 649 2020 rabidis
684 1968 908 2021 canibus
944 1967 1248 2022 succinctas
1284 1967 1643 2021 semimarinis

311 2043 630 2111 corporibus
667 2043 872 2113 Scyllas
906 2049 966 2098 et
1001 2048 1188 2098 cetera
1224 2044 1295 2097 de
1331 2060 1534 2112 genere
1568 2043 1779 2111 horum,

309 2119 456 2173 inter
491 2136 551 2173 se
587 2136 817 2190 quorum
853 2120 1127 2174 discordia
1162 2121 1410 2187 membra
1443 2119 1721 2186 videmus3

311 2212 453 2264 quae
487 2213 666 2265 neque
700 2196 994 2251 florescunt
1027 2197 1238 2266 pariter
1272 2212 1372 2250 nec
1408 2195 1606 2249 robora
1640 2201 1864 2284 sumunt
1949 2213 2020 2252 ssi.

309 2272 626 2342 corporibus
661 2290 839 2343 neque
873 2273 1146 2343 proiciunt
1182 2276 1366 2328 aetate
1403 2276 1625 2327 senecta

308 2365 410 2403 nec
446 2349 606 2402 simili
646 2349 863 2404 Venere
898 2351 1196 2404 ardescunt
1231 2366 1329 2403 nec
1366 2348 1609 2405 moribus
1643 2351 1766 2407 unis

308 2425 649 2490 conveniunt,
688 2443 864 2495 neque
902 2430 1029 2481 sunt
1065 2426 1258 2480 eadem
1293 2425 1530 2481 iucunda
1563 2443 1666 2495 per
1699 2429 1867 2482 artus

308 2501 513 2570 quippe
548 2502 739 2556 videro
774 2503 904 2557 licet
938 2504 1297 2573 pinguescere
1334 2519 1495 2571 saepe
1531 2503 1748 2574 cicutaff

308 2576 624 2645 barbigeras
649 2579 902 2647 pecudes,
926 2579 1128 2633 homini
1154 2596 1294 2648 quae
1319 2582 1405 2633 est
1430 2596 1556 2633 acro
1579 2595 1859 2635 vencnum.
1948 2591 2021 2632 900

308 2651 527 2706 flamma
562 2653 785 2722 quidem
822 2671 949 2708 ‘cero
984 2672 1106 2709 cum
1145 2672 1375 2725 corpora
1410 2655 1559 2708 fulva
1594 2655 1812 2709 leonum

307 2730 423 2782 tam
460 2729 633 2783 soleat
669 2733 878 2785 torrere
915 2735 1081 2800 atque
1118 2748 1281 2786 urere
1315 2748 1478 2801 quam
1513 2748 1685 2800 genus
1720 2745 1881 2783 omno

306 2805 530 2859 visceris
564 2805 621 2859 in
656 2807 820 2860 terris
855 2808 1236 2877 quodcumque
1271 2812 1330 2863 ct
1365 2808 1639 2875 sanguinis
1674 2809 1841 2873 extet,

309 2882 403 2948 qui
437 2881 558 2936 fieri
592 2882 789 2951 potuit,
826 2885 1028 2952 triplici
1064 2902 1189 2938 cum
1225 2900 1455 2954 corpore
1488 2887 1552 2937 ut
1585 2899 1709 2950 una,

308 2958 487 3026 prima
521 2958 622 3026 100,
659 2964 938 3029 postrema
973 2960 1155 3029 draco,
1190 2959 1371 3016 media
1404 2962 1538 3030 ipsa,
1577 2960 1864 3016 Chimaera
1944 2969 2018 3011 ωε

308 3049 403 3087 ore
437 3035 581 3088 foras
617 3052 800 3090 acrem
835 3037 995 3092 flaret
1030 3037 1102 3091 de
1138 3054 1370 3107 corpore
1404 3038 1714 3094 flammam?

309 3127 481 3177 quare
516 3112 680 3166 ctiam
717 3113 913 3168 tellure
948 3130 1087 3167 nova
1122 3114 1382 3184 caeloque
1417 3113 1627 3171 recenti

311 3186 443 3242 talia
479 3189 572 3256 qui
608 3189 768 3255 fingit
803 3192 1045 3261 potuisse
1081 3191 1337 3245 animalia
1369 3190 1534 3259 gigni,
