2259 3442
1155 78 1242 136 Vl
1949 82 2052 138 181

352 180 456 236 hoc
491 183 659 251 igitur
694 183 815 237 fieri
847 201 1069 254 quoque
1105 185 1161 237 in
1196 185 1289 237 illo
1322 184 1475 238 fonte
1509 184 1885 254 putandumst.
1988 201 2063 240 905

430 262 587 326 Quod
624 269 892 332 superest,
929 280 1093 332 agere
1125 263 1381 332 incipiam
1416 280 1525 331 quo
1560 263 1786 318 foedere
1822 264 1923 319 fiat

352 343 598 404 naturae,
634 340 771 410 lapis
806 340 896 394 hic
933 344 998 395 ut
1029 341 1240 394 ferrum
1275 340 1476 394 ducere
1510 341 1699 409 possit,
1790 347 1793 352 ⁴

354 434 518 486 quem
556 417 821 485 Magneta
854 420 1051 471 vocant
1083 417 1266 487 patrio
1302 417 1375 471 de
1407 417 1626 471 nominc
1660 418 1808 486 Grai,

356 493 681 561 Magnetum
716 494 846 564 quia
880 494 947 548 fit
979 496 1174 564 patriis
1209 494 1267 547 in
1302 494 1504 548 finibus
1538 497 1709 548 ortus,

352 569 498 624 hunc
520 570 766 625 homines
790 570 1030 640 lapidem
1052 571 1351 635 mirantur3
1390 571 1597 641 quippe
1621 575 1871 625 catenam
1986 587 2064 625 910

354 663 520 715 saepe
557 663 626 701 ex
660 648 851 701 anellis
885 647 1074 702 reddit
1105 647 1473 716 pendentibus
1508 665 1577 701 ex
1613 664 1688 702 se.

354 724 596 793 quinque
632 725 836 779 etenim
869 724 1004 778 licet
1038 724 1317 778 interdum
1354 723 1649 794 pluresque
1683 725 1872 779 videre

354 800 550 855 ordine
585 800 860 855 demissos
885 800 1099 854 levibus
1132 801 1390 855 iactarier
1423 802 1585 868 auris,

354 893 495 930 unus
531 877 626 931 ubi
659 894 730 931 ex
764 894 873 932 uno
908 877 1188 947 dependet
1223 880 1417 947 supter
1451 877 1754 932 adhaerens

352 969 424 1007 cx
459 953 674 1022 alioque
709 954 850 1008 alius
883 955 1085 1023 lapidis
1118 954 1231 1007 vim
1265 954 1554 1022 vinclaque
1589 954 1792 1009 noscit:
1989 971 2061 1008 915

353 1045 526 1098 usque
560 1030 699 1084 adeo
734 1034 1120 1098 permananter
1155 1029 1239 1084 vis
1272 1029 1521 1099 pervolat
1555 1030 1689 1085 eius·

427 1107 551 1160 Hoc
574 1123 748 1175 genus
770 1107 827 1160 in
852 1108 1018 1161 rebus
1036 1106 1422 1161 firmandumst
1444 1106 1617 1161 multa
1639 1107 1791 1175 prius
1815 1123 1978 1175 quam

353 1184 523 1251 ipsius
556 1183 637 1237 rei
673 1183 942 1238 rationem
977 1183 1216 1238 reddere
1249 1183 1442 1253 possis,

354 1263 414 1314 et
448 1261 676 1314 nimium
711 1261 889 1329 longis
921 1260 1242 1329 ambagibus
1278 1264 1365 1316 est
1398 1260 1741 1325 adeundum;

353 1354 464 1407 quo
500 1339 674 1406 magis
708 1340 953 1392 attentas
987 1337 1138 1391 auris
1171 1337 1521 1407 animumque
1555 1354 1797 1406 reposco,
1989 1352 2063 1393 920

429 1414 701 1485 Principio
736 1414 988 1469 omnibus
1025 1414 1096 1468 ab
1130 1414 1312 1482 rebus,
1351 1431 1725 1484 quascumque
1760 1414 2026 1485 videmus,

352 1495 622 1561 perpetuo
656 1491 829 1545 fluere
863 1508 927 1545 ac
959 1491 1107 1545 mitti
1145 1490 1441 1561 spargique
1473 1496 1753 1545 necessest

352 1584 582 1638 corpora.
616 1586 758 1639 quae
792 1569 994 1622 feriant
1029 1568 1213 1623 oculos
1246 1567 1531 1637 visumque
1565 1567 1850 1622 lacessant.

352 1649 735 1715 perpetuoque
769 1645 947 1699 fluunt
979 1646 1148 1699 certis
1179 1645 1250 1698 ab
1283 1645 1452 1700 rebus
1486 1646 1713 1711 odores3

350 1721 523 1789 frigus
556 1725 620 1775 ut
654 1739 691 1774 a
727 1721 920 1789 fluviis,
955 1722 1105 1775 calor
1139 1721 1210 1774 ab
1246 1721 1374 1787 sole,
1409 1725 1596 1776 aestus
1630 1722 1701 1776 ab
1735 1720 1900 1776 undis
1989 1737 2063 1776 925

352 1799 605 1867 aequoris
640 1815 837 1852 exesor
871 1813 1181 1851 moerorum
1216 1797 1379 1850 litora
1412 1802 1652 1865 propter.

352 1892 454 1929 nec
489 1874 623 1927 varii
656 1876 875 1927 cessant
908 1873 1118 1926 sonitus
1154 1889 1378 1926 manare
1413 1890 1513 1941 per
1547 1890 1724 1927 auras.

354 1952 590 2020 denique
627 1950 684 2004 in
719 1966 779 2003 os
815 1948 941 2003 salsi
975 1950 1128 2003 venit
1162 1965 1321 2002 umor
1354 1965 1519 2018 saepe
1555 1950 1778 2019 saporis,

353 2046 477 2084 cum
512 2046 664 2083 mare
700 2044 983 2082 versamur
1016 2029 1260 2097 propter,
1298 2026 1581 2096 dilutaque
1616 2031 1808 2081 contra

265 2124 331 2157 osi
354 2117 479 2161 eum
514 2106 721 2160 tuimur
755 2103 971 2158 misceri
1006 2103 1295 2172 absinthia,
1330 2104 1511 2172 tangit
1545 2120 1775 2157 amaror.
1990 2120 2063 2157 ato

353 2200 526 2253 usque
562 2182 701 2237 adeo
737 2181 990 2235 omnibus
1024 2181 1095 2235 ab
1131 2181 1297 2235 rebus
1332 2197 1420 2235 res
1456 2198 1702 2251 quaeque
1737 2180 1972 2234 fluenter

263 2269 330 2303 ⁰³⁰
353 2260 530 2315 fertur
564 2263 623 2315 et
657 2261 712 2312 in
747 2262 972 2313 cunctas
1008 2258 1309 2312 dimittitur
1342 2257 1585 2326 undique
1619 2257 1795 2329 partis

353 2354 454 2391 nec
487 2354 641 2391 mora
674 2354 776 2391 nec
813 2336 1032 2406 requies
1066 2334 1383 2389 interdatur
1416 2334 1528 2389 ulla
1563 2334 1784 2404 fluendi,

351 2417 623 2482 perpetuo
660 2413 919 2481 qnoniam
956 2413 1237 2479 sentimu8‚
1275 2415 1334 2466 et
1367 2412 1551 2466 omnia
1583 2429 1802 2483 semper

352 2506 576 2544 cernere
611 2489 832 2543 odorari
865 2489 996 2543 licet
1032 2492 1092 2543 et
1127 2489 1333 2543 sentire
1370 2505 1576 2544 sonare.
1991 2504 2065 2543 935

263 2574 294 2606 ⁰
423 2567 584 2619 Nunc
620 2566 796 2618 omnis
830 2568 1079 2635 repetam
1114 2580 1281 2632 quam
1316 2582 1443 2618 raro
1477 2582 1706 2635 corpore
1742 2566 1852 2620 sint
1888 2581 1977 2619 res

352 2657 806 2707 commemorare;
841 2641 992 2710 quod
1025 2641 1081 2694 in
1116 2641 1296 2710 primo
1331 2657 1547 2709 quoque
1583 2642 1823 2695 carmine
1857 2641 2048 2696 claret.

353 2720 561 2789 quippe
596 2718 835 2786 etenim„
851 2735 1181 2789 quamquam
1216 2717 1419 2770 multas
1456 2717 1556 2771 hoe
1592 2718 1832 2785 pertinet
1865 2718 1940 2772 ad
1974 2735 2065 2773 res

352 2813 591 2863 noscere,
627 2813 752 2851 cum
786 2796 976 2866 primis
1010 2795 1151 2849 hanc
1186 2794 1260 2848 ad
1295 2810 1416 2848 rem
1450 2795 1700 2863 protinus
1734 2794 1925 2863 ipsam,

352 2890 461 2942 qua
495 2873 568 2927 de
603 2873 873 2927 disserere
907 2872 1218 2941 adgredior,
1254 2871 1476 2924 firmare
1511 2874 1785 2924 necessest
1992 2885 2065 2923 940

352 2951 425 3005 nil
464 2967 584 3005 esse
619 2950 677 3004 in
711 2952 967 3018 promptu
1005 2949 1109 3002 nisi
1144 2949 1380 3001 mixtum
1418 2963 1613 3014 corpus
1649 2946 1810 2999 inani.

351 3027 616 3096 principio
652 3027 717 3081 fit
752 3030 816 3078 ut
848 3025 904 3079 in
943 3026 1214 3095 speluncis
1251 3041 1384 3078 saxa
1419 3039 1654 3092 superno

352 3102 554 3158 sudent
589 3120 779 3158 umore
815 3106 875 3157 et
908 3102 1086 3170 guttis
1120 3100 1462 3155 manantibu'
1497 3098 1724 3154 stillent.

351 3185 540 3233 manat·
572 3182 707 3235 item
744 3180 900 3234 nobis
935 3198 967 3234 e
1002 3182 1123 3234 toto
1160 3194 1388 3248 corpore
1425 3178 1606 3246 sudor,

2098 3301 2206 3335 ⁴.-
