2259 3442
371 229 512 296 Quin
546 228 711 283 etiam
746 229 953 298 quanto
985 227 1042 281 in
1064 227 1269 295 'partes
1302 242 1393 282 res
1425 243 1678 300 quaeque
1710 228 1953 287 minutas
1988 248 1993 260 ⁴

301 306 625 362 distrahitur
660 304 849 371 inagis,
883 303 986 357 hoc
1021 304 1196 371 magis
1232 305 1320 357 est
1353 307 1418 359 ut
1452 322 1681 361 cernere
1712 308 1892 377 possis
1986 314 1993 319 '

299 399 626 437 evanescere
661 381 926 450 paulatim
962 380 1275 448 stinguique
1309 381 1576 445 colorem;

298 464 363 514 ut
398 461 463 514 fit
497 459 589 512 ubi
625 459 680 511 in
703 474 913 528 parvas
946 457 1123 527 partis
1159 455 1489 527 discerpitur
1523 463 1800 514 austrum:

295 552 542 606 purpura
579 536 978 606 poeniceusque
1015 534 1166 588 color
1202 534 1514 589 clarissimu'
1552 535 1741 603 multo,
1931 552 2007 592 830

299 613 492 666 filatim
529 629 652 668 cum
689 612 1017 666 distractum
1055 616 1157 678 est,
1195 611 1533 681 dispergitur
1567 612 1770 678 omnis3

298 705 525 744 noscere
559 693 623 743 ut
657 689 784 743 hinc
818 689 992 760 possis
1027 689 1180 758 prius
1214 705 1429 742 omnem
1465 688 1650 742 efflare
1683 689 1921 743 colorem

296 766 595 834 particulas
631 783 795 835 quam
835 766 1121 820 discedant
1157 765 1230 819 ad
1266 766 1472 819 semina
1506 781 1707 819 rerum.

373 842 657 898 Postremo
693 843 948 912 quoniam
986 858 1092 896 nou
1130 842 1309 895 omnia
1344 858 1573 912 corpora
1607 856 1796 896 vocem

296 917 523 974 mittere
558 920 809 974 concedis
844 935 1021 988 neque
1056 919 1296 986 odorem,
1331 922 1624 988 propterea
1660 918 1725 972 fit
1931 934 2006 973 835

296 997 363 1048 ut
396 1012 503 1050 non
539 997 790 1050 omnibus
825 996 1108 1050 adtribuas
1144 995 1352 1048 sonitus
1387 998 1446 1048 et
1480 994 1691 1048 odores.

298 1071 376 1125 sic
413 1071 581 1125 oculis
615 1074 868 1141 quoniam
904 1089 1011 1125 nou
1048 1071 1230 1124 omnia
1264 1086 1489 1124 cernere
1523 1070 1751 1138 quimuS,

298 1147 439 1201 seire
475 1147 605 1201 licet
640 1148 907 1217 quaedam
943 1151 1057 1201 tam
1092 1149 1345 1201 constare
1379 1146 1516 1200 orba
1548 1146 1727 1200 colore

300 1239 463 1291 quam
499 1223 616 1277 sinc
652 1224 820 1278 odore
854 1223 964 1277 ullo
1000 1223 1271 1292 quaedam
1306 1223 1596 1292 sonituque
1630 1224 1856 1290 remota,

298 1313 400 1353 nee
423 1299 603 1353 minus
625 1299 760 1354 haec
785 1300 1021 1353 animum
1045 1314 1372 1368 cognoscere
1395 1315 1555 1368 posse
1579 1314 1827 1368 sagacem
1928 1314 2004 1352 sio

298 1392 463 1445 quam
500 1393 641 1446 quae
677 1381 804 1431 sunt
838 1376 956 1430 aliis
990 1375 1157 1430 rebus
1190 1374 1408 1445 privata
1441 1379 1647 1431 notare,

368 1451 482 1507 Sed
516 1470 586 1506 ne
621 1455 765 1508 forte
800 1457 963 1524 putes
1000 1452 1112 1507 solo
1148 1452 1382 1522 spoliata
1416 1453 1597 1506 colore

299 1545 528 1598 corpora
562 1531 739 1599 prima
772 1546 1006 1596 manere,
1044 1529 1211 1584 etiam
1248 1535 1464 1583 secreta
1499 1531 1708 1599 teporis

300 1608 427 1658 suut
462 1622 525 1659 ac
560 1607 775 1674 frigoris
810 1606 1026 1660 omnino
1060 1606 1334 1674 calidique
1368 1607 1598 1676 vapori-3,

299 1682 359 1734 ct
394 1682 574 1735 sonitu
608 1682 797 1736 sterila
832 1686 889 1736 ct
926 1699 1054 1736 suco
1086 1683 1267 1739 ieiuna
1299 1682 1567 1748 feruntur,
1927 1700 2002 1739 845

297 1772 399 1810 nec
431 1758 637 1811 iaciunt
670 1758 839 1811 ullum
876 1759 1158 1826 proprium
1195 1758 1266 1811 de
1303 1775 1530 1827 corpore
1566 1759 1806 1814 odorem.

298 1832 439 1886 sicut
473 1834 764 1887 amaracini
800 1833 1059 1886 blandum
1096 1836 1411 1901 stactaeque
1447 1833 1710 1901 liquorem

297 1911 359 1962 et
393 1908 553 1962 nardi
588 1909 791 1972 florem,
825 1911 1017 1962 nectar
1051 1909 1146 1974 qui
1178 1908 1400 1961 naribus
1435 1908 1599 1976 halat,

298 2000 422 2037 cum
456 1985 640 2038 facere
671 1983 943 2050 instituas,
979 1999 1101 2036 cum
1139 1983 1330 2052 primis
1367 1999 1630 2052 quaerere
1665 2001 1768 2054 par
1801 1989 1905 2054 est,

267 2059 480 2139 {quoad
513 2060 643 2114 lieet
678 2076 742 2113 ac
776 2059 921 2129 potis
955 2075 1015 2113 es
1050 2057 1595 2135 reperhqfiQs
1629 2061 1754 2115 olivi
1927 2079 2002 2118 850

257 3110 266 3121 1

180 3130 276 3251 ³4
315 3234 318 3241 .

296 2138 564 2202 naturam,
601 2135 802 2189 nullam
838 2151 978 2204 quae
1012 2135 1205 2189 mittat
1239 2135 1461 2189 naribus
1495 2151 1701 2204 auram,

293 2227 459 2280 quam
494 2211 715 2265 minime
750 2216 813 2266 ut
846 2212 1020 2281 possit
1053 2211 1254 2265 mixtos
1288 2211 1346 2265 in
1381 2227 1608 2281 corpore
1641 2212 1840 2269 odores

295 2291 690 2356 concoctosque
727 2305 825 2342 suo
860 2291 1206 2342 contractans
1241 2288 1476 2358 perdere
1512 2287 1644 2357 viro,

293 2367 525 2433 propter
562 2364 791 2418 eandem
828 2376 952 2419 rem
986 2364 1197 2419 debent
1230 2364 1529 2435 primordia
1561 2383 1747 2422 rerum

295 2456 402 2492 non
440 2439 705 2494 adhibere
741 2457 897 2493 suum
932 2440 1224 2509 gignundis
1259 2441 1422 2496 rebus
1457 2441 1684 2498 odorem
1928 2463 2003 2502 855

293 2531 393 2569 nec
432 2515 684 2582 sonitum,
721 2516 975 2584 quoniam
1012 2516 1085 2569 nil
1122 2516 1193 2569 ab
1229 2534 1287 2571 se
1321 2518 1548 2574 mittere
1582 2523 1827 2588 possunt,

294 2607 397 2646 nee
436 2591 599 2645 simili
634 2592 844 2645 ratione
882 2607 1132 2660 saporem
1173 2591 1408 2662 denique
1442 2611 1772 2663 quemquam

290 2683 392 2721 nec
427 2666 603 2736 frigus
640 2682 817 2736 neque
854 2667 984 2720 item
1023 2667 1258 2721 calidum
1299 2668 1656 2738 tepidumque
1692 2686 1966 2740 vaporem,

292 2747 510 2808 cetera;
536 2759 676 2812 quae
700 2760 823 2797 cum
848 2743 929 2796 ita
953 2746 1080 2795 sunt
1104 2748 1291 2797 tamen
1316 2749 1382 2797 ut
1405 2744 1658 2799 mortalia
1681 2749 1949 2810 constent,

289 2819 441 2873 molli
479 2818 645 2887 lenta,
681 2820 898 2886 fragosa
932 2818 1094 2886 putri,
1135 2835 1267 2873 cava
1302 2836 1531 2890 corpore
1565 2838 1706 2889 raro,
1928 2839 2002 2876 seo

293 2896 475 2949 omnia
511 2896 620 2949 sint
656 2912 689 2948 a
723 2894 1000 2965 principiis
1038 2894 1282 2949 seiuncta
1316 2899 1610 2966 necessest,

285 2972 605 3026 inmortalia
639 2972 684 3024 si
721 2971 966 3024 volumus
1002 2968 1331 3039 subiungere
1365 2973 1531 3027 rebus

290 3047 654 3101 fundamenta
689 3047 885 3117 quibus
920 3045 1130 3099 nitatur
1166 3064 1378 3102 summa
1413 3049 1603 3104 salutis
1620 3069 1633 3115 ;

293 3139 365 3175 ne
399 3123 504 3176 tibi
538 3139 627 3176 res
663 3124 897 3178 redeant
931 3122 1005 3194 ad
1040 3121 1212 3176 nilum
1246 3125 1494 3179 funditus
1529 3142 1730 3180 onmes.

363 3197 523 3252 Nunc
549 3215 615 3252 ca
637 3216 778 3274 Q
802 3198 1006 3253 sentire
1029 3198 1277 3254 videmus
1301 3217 1534 3277 cumque
1556 3203 1836 3256 necessest
1930 3215 2005 3254 865
