2259 3442
1196 70 1259 127 V
1959 72 2073 135 127

292 218 305 231 .
362 175 450 230 cui
482 176 702 230 tantum
734 174 792 229 in
825 175 940 230 vita
972 177 1152 231 restet
1185 175 1423 229 transire
1459 165 1740 231 malorum.

363 254 423 306 at
459 252 642 305 variae
677 255 932 306 crescunt
964 251 1208 321 pecudes
1242 256 1493 306 armenta
1524 252 1783 322 feraeque

361 344 462 381 nee
497 326 842 396 crepitacillis
878 344 1014 397 opus
1049 330 1136 381 est
1170 344 1272 381 nee
1307 327 1559 396 cuiquam
1594 330 1960 387 adhibendast

360 391 536 457 almae
569 404 798 457 nutricis
833 404 1035 457 blanda
1068 408 1234 473 atque
1269 405 1503 460 infracta
1536 406 1772 473 loquella.
1997 421 2072 463 230

360 497 461 534 nec
496 480 672 533 varias
707 484 978 548 quaerunt
1011 484 1193 534 vestes
1228 498 1330 550 pro
1364 484 1615 552 tempore
1649 482 1801 550 caeli,

363 556 599 645 denique
632 573 740 610 non
776 556 943 610 armis
977 574 1115 627 opus
1152 561 1250 623 est,
1285 574 1393 611 non
1427 558 1710 613 moenibus
1745 558 1887 635 alti8‚

360 633 454 701 qui
490 650 589 686 sua
621 636 890 702 tutentur,
926 634 1144 702 quando
1179 633 1431 688 omnibus
1468 635 1648 688 omnia
1680 630 1837 705 large

359 709 522 763 tellus
556 709 678 779 ipsa
710 710 856 780 parit
888 714 1195 779 naturaque
1232 711 1463 765 daedala
1498 711 1718 781 rerum]

363 789 368 794 ’
433 784 707 856 Principio
744 787 997 855 quoniam
1031 786 1202 841 terrai
1240 803 1436 855 corpus
1475 790 1534 841 et
1569 804 1728 841 umor
2003 801 2075 841 2:35

363 878 732 931 aurarumque
766 863 916 917 leves
950 863 1165 917 animae
1200 863 1469 931 calidique
1504 880 1750 933 vapores,

360 954 392 991 e
428 938 624 1007 quibus
659 939 795 993 haec
829 956 1015 993 rerum
1051 940 1352 993 consistere
1388 955 1598 993 summa
1631 939 1865 1007 videtur,

361 1015 541 1067 omnia
576 1015 760 1068 nativo
795 1032 859 1068 ac
893 1016 1112 1069 mortali
1149 1031 1376 1083 corporo
1411 1018 1675 1081 constant,

362 1089 531 1143 debet
568 1090 761 1144 eodem
796 1092 970 1144 omnis
1005 1091 1198 1144 mundi
1231 1095 1429 1145 natura
1463 1091 1656 1158 putari.

359 1165 563 1235 quippe
588 1167 790 1220 etenim
818 1183 1048 1235 quorum
1073 1167 1250 1236 partis
1274 1169 1334 1221 et
1357 1166 1602 1220 membra
1625 1168 1875 1222 videmus
1996 1182 2068 1223 240

356 1257 584 1311 corpore
619 1243 803 1296 nativo
838 1259 903 1297 ac
937 1243 1261 1296 mortalibus
1296 1259 1414 1297 esse
1452 1242 1654 1310 figuriS,

355 1317 491 1373 haec
527 1319 719 1373 eadem
753 1319 927 1373 ferme
963 1319 1216 1374 mortalia
1250 1319 1523 1373 cernimus
1556 1335 1675 1373 esse

353 1401 413 1449 ct
447 1396 633 1449 nativa
667 1396 840 1449 simul.
879 1400 1217 1465 quapropter
1251 1397 1488 1449 maxima
1521 1394 1709 1449 mundi

354 1488 480 1526 cum
515 1472 730 1526 videam
765 1472 1011 1527 membra
1046 1489 1110 1527 ac
1146 1472 1322 1542 partis
1358 1475 1678 1541 consumpta
1711 1472 1939 1543 regigni‚

355 1549 495 1603 seire
529 1549 660 1603 licet
695 1549 831 1603 caeli
867 1565 1084 1618 quoque
1119 1549 1257 1603 item
1292 1552 1585 1617 terraeque
1619 1548 1786 1602 fuisse
1991 1564 2064 1602 215

353 1624 677 1695 principiale
712 1625 934 1693 aliquod
968 1629 1189 1696 tempus
1225 1625 1544 1693 clademque
1577 1624 1834 1679 futuram.

426 1701 575 1755 Illud
607 1702 664 1754 in
698 1701 785 1754 his
817 1702 982 1755 rebus
1016 1719 1086 1756 ne
1121 1702 1448 1770 corripuisse
1483 1701 1655 1754 rearis

353 1793 445 1831 me
479 1776 627 1843 mihi,
665 1778 814 1845 quod
848 1782 1053 1830 terram
1090 1782 1260 1845 atque
1295 1777 1477 1845 ignem
1512 1776 1764 1831 mortalia
1796 1777 2002 1846 sumpsi

353 1869 476 1907 csse
509 1869 688 1921 neque
721 1868 967 1905 umorem
1005 1853 1252 1905 dubitavi
1288 1869 1558 1921 aurasque
1591 1853 1774 1921 perire

354 1931 521 1996 atque
555 1927 751 1981 cadem
787 1927 940 1995 gigni
974 1944 1272 1996 rursusque
1307 1944 1602 1996 augescere
1636 1928 1766 1997 dixi,
1988 1945 2061 1985 250

353 2003 618 2073 principio
653 2019 782 2073 pars
818 2003 987 2057 terrai
1021 2003 1293 2071 nonnulla,
1330 2006 1555 2074 perusta

352 2079 556 2134 solibus
590 2079 848 2149 adsiduis,
882 2080 1057 2133 multa
1090 2080 1307 2148 pulsata
1338 2081 1543 2150 pedum
1577 2080 1647 2148 vi,

350 2156 591 2225 pulveris
627 2156 849 2210 exhalat
883 2155 1141 2210 nebulam
1175 2156 1456 2224 nubesque
1490 2156 1722 2210 volantis

353 2250 488 2301 quas
522 2233 690 2287 validi
725 2236 845 2288 toto
881 2233 1206 2302 dispergunt
1239 2250 1366 2287 aere
1401 2233 1564 2287 venti.

351 2326 479 2378 pars
514 2310 679 2364 etiam
714 2309 998 2377 glebarum
1033 2310 1104 2363 ad
1142 2309 1401 2363 diluviem
1437 2311 1723 2363 revocatur
1990 2321 2062 2362 255

350 2385 617 2439 imbribus
651 2390 711 2440 ct
743 2386 893 2454 ripas
927 2385 1178 2440 radentia
1210 2386 1433 2439 flumina
1466 2385 1685 2438 rodunt.

349 2465 639 2530 practerea
672 2478 773 2531 pro
807 2464 968 2530 parte
1003 2479 1114 2529 sua,
1153 2464 1537 2532 quodcumque
1570 2461 1682 2515 alid
1716 2465 1898 2529 auget,

351 2538 635 2604 redditur3
670 2542 729 2591 et
765 2537 1018 2606 quoniam
1055 2538 1224 2593 dubio
1259 2539 1448 2609 procul
1484 2554 1604 2591 esse
1638 2536 1861 2591 videtur

352 2614 700 2683 omniparens
734 2613 928 2667 eadem
964 2631 1150 2667 rerum
1185 2631 1472 2669 commune
1509 2612 1832 2682 sepulcrum,

352 2706 485 2758 crgo
520 2695 673 2744 terra
705 2688 811 2743 tibi
844 2688 1049 2744 libatur
1082 2694 1144 2745 et
1177 2695 1339 2745 aucta
1372 2690 1645 2744 recrescit.
1982 2702 2054 2743 200

424 2766 583 2832 Quod
619 2769 882 2834 superest,
917 2782 1108 2821 umore
1143 2784 1282 2821 novo
1318 2783 1470 2820 mare
1506 2765 1726 2818 flumina
1759 2764 1939 2820 fontes

351 2860 570 2913 semper
604 2842 885 2896 abundare
920 2847 980 2896 et
1014 2828 1208 2898 latices
1242 2860 1463 2897 manare
1497 2840 1752 2910 perennis

349 2921 427 2973 nil
462 2936 599 2988 opus
633 2924 720 2973 est
756 2919 964 2973 veihis:
997 2936 1230 2988 magnus
1265 2920 1529 2974 decursus
1564 2934 1829 2987 aquarum

350 2995 593 3065 undique
628 2995 890 3050 declarat.
925 2997 1024 3051 scd
1059 2998 1296 3066 primum
1334 2995 1594 3065 quicquid
1629 2995 1790 3064 aquai

349 3072 564 3127 tollitur
596 3073 653 3127 in
688 3090 1006 3144 summaque
1041 3075 1107 3128 fit
1140 3078 1205 3128 ut
1239 3073 1316 3128 nil
1349 3088 1506 3127 umor
1538 3071 1798 3140 abundet,
1982 3082 2054 3124 265

349 3148 553 3218 partim
586 3150 736 3219 quod
769 3151 934 3205 validi
971 3152 1254 3207 verrentes
1286 3165 1526 3219 aequora
1558 3147 1707 3203 venti
1794 3209 1799 3212 ,
