2259 3442
193 108 273 168 46
1011 110 1080 166 ΙΙ

190 211 475 267 munificat
507 211 679 266 tacita
713 209 960 265 mortalis
993 215 1149 265 muta
1181 212 1374 282 salute,

192 305 319 343 aere
354 291 521 358 atque
556 291 783 356 argento
819 290 1072 342 sternunt
1105 287 1215 342 iter
1249 305 1410 343 omne
1443 288 1653 345 viarum

192 365 435 433 largifica
470 366 614 434 stipe
650 363 890 418 ditantes
925 364 1266 434 ninguntque
1300 381 1547 420 rosarum

191 440 416 495 floribus
452 440 768 495 umbrantes
801 444 1037 495 matrem
1072 441 1440 511 comitumque
1474 450 1738 499 catervas.

191 517 279 571 hic
315 520 526 571 armata
559 533 765 585 manus,
804 516 1034 570 Curetas
1067 516 1285 571 nomine
1321 517 1452 572 Grai
1606 514 1611 523 ’

191 610 326 661 quos
349 595 655 646 memorant
682 593 960 662 Phrygios,
983 593 1127 647 inter
1151 609 1210 646 se
1233 593 1377 648 forte
1399 596 1554 661 quod
1571 596 1759 652 armis

190 670 389 723 ludunt
421 668 479 722 in
516 684 913 737 numerumque
949 669 1201 723 exultant
1235 671 1633 739 sanguinolenti
1770 674 1774 678 “

190 746 456 800 terrificas
495 745 735 814 capitum
775 746 1086 812 quatientes
1121 745 1358 800 momine
1393 747 1602 817 cristas,

193 822 451 877 Dictaeos
485 821 733 875 referunt
773 820 1003 875 Curetas
1039 822 1132 889 qui
1170 822 1318 875 Iovis
1352 823 1503 877 illum

191 898 435 966 vagitum
469 897 526 952 in
562 896 728 950 Creta
764 897 1037 965 quondam
1073 897 1374 952 occultasse
1407 899 1672 969 feruntur,

193 991 318 1029 cum
352 974 511 1045 pueri
547 973 751 1028 circum
785 990 1019 1043 puerum
1055 973 1277 1043 pernice
1312 975 1509 1030 chorea

193 1053 422 1107 armatei
455 1052 513 1105 in
546 1067 833 1105 numerum
870 1051 1156 1121 pulsarent
1191 1051 1407 1106 aeribus
1442 1070 1585 1121 aera,

193 1148 264 1184 ne
300 1131 566 1185 Saturnus
603 1144 729 1182 eum
763 1128 919 1182 malis
953 1127 1244 1182 mandaret
1277 1129 1512 1200 adeptus

193 1210 585 1274 aeternumque
621 1205 782 1259 daret
817 1204 982 1258 matri
1020 1203 1121 1257 sub
1155 1207 1381 1274 pectore
1416 1206 1620 1261 volnus.

193 1288 488 1353 propterea
521 1298 774 1350 magnam
814 1280 1008 1334 armati
1047 1284 1281 1336 matrem
1318 1283 1663 1350 comitantur,

195 1364 294 1414 aut
325 1361 453 1427 quia
488 1358 794 1427 significant
831 1357 1011 1409 divam
1047 1358 1366 1425 praedicere
1401 1361 1466 1412 ut
1497 1359 1662 1414 armis

196 1454 260 1490 ac
294 1438 498 1490 virtute
534 1432 704 1487 velint
737 1433 972 1502 patriam
1010 1433 1308 1488 defendere
1341 1438 1545 1489 terram

194 1512 576 1582 praesidioque
611 1513 813 1580 parent
847 1508 1137 1576 decorique
1173 1511 1492 1579 parentibus
1527 1527 1660 1566 esse.

196 1606 334 1658 quae
368 1589 508 1642 bene
545 1591 603 1642 et
638 1585 833 1640 eximie
869 1585 1115 1653 quamvis
1153 1585 1398 1656 disposta
1432 1588 1691 1654 ferantur,

194 1664 356 1734 longe
398 1668 524 1720 sinit
562 1667 750 1717 tamen
786 1679 819 1716 a
852 1677 983 1716 vera
1018 1661 1232 1716 ratione
1268 1664 1500 1733 repulsa,

197 1743 370 1796 omnis
408 1742 551 1796 enim
586 1757 688 1810 per
724 1756 782 1793 se
818 1738 998 1792 divom
1031 1742 1232 1792 natura
1264 1745 1538 1795 necessest

85 1876 90 1881 q
125 1836 154 1887 γ
195 1819 471 1874 inmortali
508 1835 640 1873 aevo
678 1834 888 1871 summa
924 1833 1049 1870 cum
1083 1833 1220 1886 pace
1253 1816 1470 1870 fruatur

0 1896 116 1967 wa}
199 1899 408 1950 semota
444 1896 514 1950 ab
550 1895 749 1949 nostris
785 1892 951 1948 rebus
987 1893 1340 1961 seiunctaque
1376 1892 1550 1961 longe,

198 1990 322 2027 nam
358 1974 572 2044 privata
610 1971 797 2026 dolore
835 1970 995 2038 omni,
1032 1970 1248 2038 privata
1282 1969 1515 2038 periclis,

194 2051 316 2120 ipsa
352 2051 463 2105 suis
498 2050 709 2121 pollens
748 2046 955 2118 opibus,
990 2048 1067 2099 nil
1100 2045 1284 2113 indiga
1321 2045 1510 2112 nostri,

117 2156 180 2189 ,χχ
197 2144 297 2181 nec
332 2128 472 2182 bene
506 2125 820 2196 promeritis
860 2122 1076 2191 capitur
1111 2137 1289 2188 neque
1325 2120 1568 2186 tangitur
1601 2120 1698 2173 ira.

108 2218 173 2249 ⁶³³
196 2202 285 2257 hie
322 2204 489 2273 siquis
524 2208 674 2255 mare
713 2200 1035 2268 Neptunum
1076 2196 1441 2260 Cereremque
1476 2210 1670 2247 vocare

198 2279 481 2333 constituit
516 2277 702 2343 fruges
738 2278 796 2329 et
835 2272 1036 2326 Bacchi
1073 2271 1288 2324 nomine
1324 2267 1476 2321 abuti

198 2354 402 2408 mavolt
439 2368 602 2422 quam
635 2349 812 2404 laticis
850 2347 1131 2416 proprium
1170 2346 1415 2414 proferre
1449 2359 1724 2413 vocamen,

198 2431 555 2485 concedamus
590 2428 655 2478 ut
688 2425 775 2478 hic
812 2427 1083 2477 terrarum
1119 2421 1341 2477 dictitet
1374 2418 1562 2474 orbem

199 2524 320 2561 esse
356 2507 520 2560 deum
556 2505 805 2569 matrem,
842 2500 974 2553 dum
1009 2517 1142 2555 vera
1175 2516 1237 2552 re
1271 2502 1458 2553 tamen
1491 2498 1610 2569 ipsc

107 2597 174 2629 eso
199 2583 460 2652 religione
498 2581 734 2634 animum
768 2577 919 2647 turpi
957 2577 1272 2645 contingere
1308 2577 1514 2647 parcat.

106 2677 173 2710 ωε
197 2663 350 2716 terra
383 2658 604 2728 quidem
638 2673 767 2710 vero
803 2659 957 2711 earet
994 2654 1140 2708 omni
1174 2657 1424 2724 tempore
1458 2669 1633 2720 sensu,

199 2741 258 2792 et
292 2738 419 2807 quia
452 2734 747 2789 multarum
786 2733 998 2803 potitur
1032 2730 1332 2802 primordia
1365 2745 1564 2796 rerum,
1606 2756 1611 2761 «

199 2814 372 2868 multa
404 2811 581 2866 modis
616 2810 803 2864 multis
852 2810 1012 2864 effert
1046 2810 1103 2861 in
1141 2808 1348 2861 lumina
1383 2806 1522 2859 solis.

109 2902 177 2934 ⁶⁶⁰
271 2890 446 2959 Saepe
482 2888 668 2956 itaque
706 2904 775 2940 ex
811 2904 919 2941 uno
956 2886 1250 2941 tondentes
1285 2881 1531 2952 gramina
1565 2894 1756 2948 campo

197 2966 474 3033 lanigerae
513 2964 753 3031 pecudes
790 2969 849 3017 et
885 2980 1149 3032 equorum
1188 2959 1422 3014 duellica
1455 2956 1638 3027 proles

202 3040 571 3107 buceriaeque
605 3056 800 3106 greges
837 3041 1032 3094 codem
1070 3039 1170 3092 sub
1207 3035 1448 3105 tegmine
1484 3032 1619 3087 caeli

205 3131 275 3169 ex
312 3130 528 3186 unoque
565 3115 715 3167 sitim
752 3115 1009 3170 sedantes
1044 3114 1267 3168 flumine
1301 3110 1460 3180 aquai

206 3191 459 3246 dissimili
493 3189 679 3246 vivont
713 3190 895 3260 specie
929 3192 1282 3258 retinentque
1315 3189 1606 3259 parentum

1832 1677 1908 1718 635

1836 2058 1913 2100 650

1839 2436 1912 2476 855

1841 2815 1914 2855 wo
