2259 3442
280 86 357 144 96
1053 89 1205 147 -IIII

274 188 405 243 inde
441 191 640 257 tamen,
678 190 925 258 quamvis
960 193 1107 244 torte
1145 190 1474 260 penitusque
1509 192 1736 258 remota,
1908 204 1982 244 ³⁰⁵

186 285 252 318 πο
276 265 458 320 omnia
491 278 608 336 perss
627 265 797 320 flexos
832 266 1016 321 aditus
1051 266 1254 320 educta
1286 266 1476 321 licebit
1658 310 1667 317 ,

274 342 525 411 pluribus
559 342 693 397 haec
730 343 966 411 speculis
1002 342 1295 397 videantur
1329 343 1388 396 in
1423 343 1651 409 aedibus
1685 358 1818 396 esse.

274 435 448 486 usque
483 419 621 474 adeo
659 418 879 489 speculo
915 419 971 473 in
1009 419 1290 488 speculum
1326 419 1629 474 translucet
1663 419 1859 487 imag0,

273 500 332 549 ct
369 511 492 549 cum
526 492 682 550 laesia
716 495 849 549 data
884 499 986 562 est,
1023 498 1090 549 iit
1124 512 1313 550 rusum
1348 499 1413 550 ut
1448 495 1678 550 dextera
1713 495 1826 562 fiat,

270 571 401 626 inde
435 574 587 625 retro
622 588 840 625 rursum
875 571 1022 625 redit
1058 576 1115 626 et
1153 573 1492 626 convertitur
1525 571 1747 625 eodem·
1782 622 1785 625 .
1904 587 1981 627 310

183 671 247 703 :3³5
272 650 402 718 quin
438 649 606 702 etiam
642 664 1019 717 quaecumque
1055 648 1325 702 latuscula
1361 651 1488 702 sunt
1523 647 1868 716 speculorum

271 725 507 779 adsimili
543 725 733 778 lateris
770 724 986 778 flexura*
1014 724 1268 795 praedita
1302 724 1492 791 nostri,
1533 748 1537 752 ·

272 802 504 855 dextera
538 818 605 855 ca
638 804 869 871 propter
903 799 1059 854 nobis
1095 800 1382 854 simulacra
1415 799 1721 866 remittunt,
1762 848 1767 853 .

270 881 368 932 aut
403 878 531 947 quia
564 877 636 932 de
672 876 893 946 speculo
929 877 986 929 in
1023 876 1305 946 speculum
1341 875 1672 929 transfertur
1706 875 1904 944 image,

271 954 399 1008 inde
434 955 509 1008 ad
542 970 641 1007 nos
676 953 809 1007 elisa
843 952 930 1006 bis
965 952 1201 1020 advolat,
1237 955 1335 1006 aut
1369 952 1537 1006 etiam
1572 950 1724 1020 quod
1901 968 1977 1007 ³15

182 1054 247 1086 ,κο
272 1031 477 1085 circum
512 1030 713 1098 agitur,
749 1046 874 1084 cum
910 1029 1078 1096 venit,
1113 1030 1294 1097 imago
1328 1031 1626 1099 propterea
1659 1027 1810 1097 quod

271 1106 414 1161 flexa
449 1107 625 1175 figura
659 1106 825 1160 docet
860 1105 1070 1175 speculi
1106 1105 1414 1159 convertier
1449 1104 1522 1158 ad
1555 1121 1669 1158 nos.

269 1183 561 1253 indugredi
598 1194 762 1252 porro
797 1180 1009 1251 pariter
1044 1181 1675 1252 simulacrapedemque
1752 1222 1761 1229 ,.
1843 1205 1851 1214 ·

270 1277 474 1330 ponere
510 1258 790 1312 nobiscum
826 1257 1026 1312 credas
1054 1259 1382 1327 gestumque
1415 1256 1643 1327 imitari}
1690 1284 1693 1287 >
1728 1288 1734 1295 ·

270 1341 565 1407 propterea
599 1335 740 1404 quia,
777 1334 848 1389 de
884 1335 1089 1404 speculi
1125 1352 1234 1404 qua
1267 1337 1428 1405 parte
1462 1333 1704 1399 recedas,
1899 1347 1975 1387 32⁰

180 1437 245 1470 :us
271 1413 527 1468 continuo
564 1415 846 1480 nequeunt
880 1410 1028 1466 illinc
1065 1411 1354 1464 simulacra
1389 1410 1622 1475 reverti;

269 1490 450 1544 onmia
483 1488 928 1557 quandoquidem
964 1487 1113 1556 cogit
1149 1492 1347 1543 natura
1383 1486 1578 1541 referri

269 1584 334 1621 ac
371 1565 581 1619 resilire
617 1563 687 1616 ab
722 1563 888 1616 rebus
924 1563 996 1617 ad
1031 1580 1236 1632 aequos
1269 1563 1493 1617 reddita
1527 1563 1713 1616 flexus.
1758 1630 1763 1633 Α

180 1668 245 1702 :oo
341 1639 643 1711 Splendida
678 1655 841 1708 porro
879 1640 1020 1694 oculi
1054 1640 1297 1708 fugitant
1331 1641 1617 1708 vitantque,
1650 1635 1810 1692 tueri.
1838 1648 1868 1661 2

269 1719 351 1773 sol
387 1717 554 1772 etiam
591 1718 794 1782 caecat,
830 1720 1037 1770 contra.
1056 1717 1101 1769 si
1118 1716 1370 1771 ,tendere
1407 1731 1620 1786 pergas,
1756 1726 1775 1743 ⁸
1897 1727 1972 1766 825

268 1798 563 1866 propterea
597 1793 727 1862 quia
753 1792 841 1846 ,vis
877 1796 1127 1861 magnast
1162 1792 1334 1862 ipsius
1370 1797 1429 1846 et
1463 1791 1575 1846 alte
1616 1838 1623 1848 ,

268 1888 401 1927 aera
434 1887 536 1942 per
570 1885 770 1941 purum
804 1870 1048 1938 graviter
1082 1870 1370 1924 simulacra
1403 1869 1655 1923 feruntur

270 1954 331 2004 ct
364 1949 570 2004 feriunt
606 1947 790 2002 oculos
826 1946 1110 2002 turbantia
1145 1945 1554 2014 compositurus.
1620 1992 1625 1999 ⁴

268 2029 562 2096 praeterea
597 2023 853 2092 splendor
890 2023 1231 2092 quicumque.
1255 2025 1342 2076 est
1377 2037 1504 2078 acer
1538 2018 1722 2072 adurit
2001 2072 2005 2077 ,

178 2129 243 2161 ³0⁵
267 2119 450 2172 saepe*
468 2101 654 2155 oculos
686 2099 814 2163 ideo
850 2098 996 2169 quod
1035 2099 1241 2152 semina
1275 2096 1524 2166 possidet
1557 2094 1699 2161 ignis
1897 2108 1973 2153 3³⁰.

269 2180 458 2247 multa,
493 2176 737 2231 dolorem
773 2175 944 2230 oculis
979 2191 1120 2244 quae
1154 2174 1387 2241 gignunt
1421 2168 1762 2224 insinuando,

265 2255 445 2309 lurida
478 2256 769 2323 praeterea
803 2252 944 2304 fiunt
979 2263 1354 2317 quaecumque
1389 2248 1616 2299 tuentur

266 2330 501 2400 arquati,
537 2326 667 2397 quia
699 2326 898 2380 luroris
934 2324 1005 2378 de
1040 2340 1269 2393 corpore
1305 2337 1494 2376 eorum
1688 2385 1692 2389 ‚

268 2406 477 2461 semina
511 2403 688 2457 multa
720 2401 898 2456 fluunt
935 2401 1237 2454 simulacris
1273 2398 1433 2453 obvia
1467 2413 1666 2464 rerum,

177 2512 241 2544 ³10
266 2482 549 2551 multaque
584 2481 712 2534 sunt
747 2477 916 2532 oculis
951 2477 1007 2531 in
1043 2493 1231 2531 eorum
1271 2474 1504 2544 denique
1537 2473 1727 2542 mixta,
1897 2490 1970 2537 335.

265 2576 407 2630 quac
442 2561 674 2626 contage
710 2571 809 2610 sua
843 2554 1141 2624 palloribus
1176 2553 1358 2607 omnia
1392 2551 1643 2622 pingunt.

264 2655 298 2691 e
333 2636 575 2692 tenebris
610 2637 796 2690 autem
830 2648 971 2699 quae
1006 2635 1135 2686 sunt
1169 2631 1227 2684 in
1261 2629 1382 2684 luce
1416 2633 1637 2684 tuemur

264 2718 561 2784 propterea
597 2711 739 2781 quia,
775 2726 900 2764 cum
935 2708 1161 2779 propior
1195 2707 1440 2777 caliginis
1475 2721 1570 2758 aer

266 2795 389 2845 atcr
423 2791 526 2845 init
559 2789 756 2849 oculos.
780 2786 930 2857 prior
965 2790 1024 2841 et
1058 2785 1306 2855 possedit
1341 2786 1576 2853 apertos,

180 2884 242 2916 κισ
266 2867 574 2935 insequitur
608 2864 849 2920 candens
884 2863 1170 2920 confestim
1207 2862 1422 2916 lucidus
1454 2875 1550 2912 aer
1595 2868 1601 2874 “
1891 2868 1968 2909 ³³⁰

268 2943 361 3010 qni
396 2942 552 3011 quasi
588 2945 789 3011 purgat
824 2958 917 2995 eos
938 2958 1016 2995 rac
1052 2941 1238 3008 nigras
1275 2935 1504 2992 discutit
1536 2931 1760 2986 umbras

266 3018 408 3071 aeris
440 3017 605 3072 illius.
639 3034 766 3070 nam
801 3017 991 3072 multis
1025 3016 1278 3087 partibus
1312 3013 1401 3067 hic
1437 3014 1525 3065 est

266 3092 516 3147 mobilior
549 3093 846 3162 multisque
881 3094 1144 3147 minutior
1177 3095 1238 3147 et
1270 3106 1428 3158 mage
1461 3086 1687 3157 pollens.

267 3169 362 3239 qui
397 3168 557 3223 simul
594 3174 763 3238 atquc
797 3170 912 3223 vias
948 3170 1227 3224 oculorum
1263 3167 1384 3223 luce
1417 3163 1654 3235 replevit
