2259 3442
1080 100 1224 158 1111
1890 104 1998 162 111

262 244 266 250 .
300 207 468 273 atque
500 203 890 272 gubernaclum
924 206 1250 272 contorquet
1284 204 1531 272 quolibet
1564 222 1749 275 unum,

301 282 581 350 multaque
605 297 706 350 per
728 280 961 335 trocleas
985 283 1043 335 et
1067 284 1326 350 tympana
1348 282 1594 351 pondere
1619 299 1818 351 magno
1935 299 2009 339 905

300 360 605 413 commovet
639 360 806 424 atque
839 356 946 410 levi
982 359 1222 412 sustollit
1255 358 1506 412 machina
1538 360 1674 413 nisu.

371 437 423 489 N
427 452 530 489 unc
555 432 753 503 quibus
776 433 870 486 ille
898 433 1075 486 modis
1100 451 1321 488 somnus
1345 452 1447 504 per
1469 437 1718 490 membra
1740 437 1982 506 quietem

299 513 500 582 inriget
537 516 703 580 amne
741 509 907 564 animi
943 527 1101 564 curas
1138 528 1169 565 e
1202 515 1431 580 pectore
1463 512 1651 581 solvat,

303 589 591 644 suavidicis
624 588 809 659 potius
843 605 1006 656 quam
1042 588 1231 643 multis
1265 589 1514 643 versibus
1548 590 1739 656 edam;

301 684 503 737 parvus
527 671 591 721 ut
616 671 702 721 est
726 666 879 736 cycni
903 665 1094 720 melior
1118 682 1296 733 canor,
1321 666 1412 719 ille
1435 683 1631 735 gruum
1657 684 1821 736 quam
1937 683 2009 721 910

301 744 504 798 clamor
537 745 592 798 in
627 743 883 798 aetheriis
919 742 1201 812 dispersus
1235 743 1471 796 nubibus
1505 745 1693 798 austri.

300 824 366 875 tu
400 821 534 874 mihi
569 821 643 875 da
676 820 859 875 tenuis
894 837 1054 874 aures
1088 819 1439 889 animumque
1475 837 1738 888 sagacem,

300 914 370 950 ne
405 897 525 951 ficri
558 897 772 966 negites
810 914 952 965 quae
989 896 1170 950 dicam
1204 912 1367 965 posse
1400 900 1659 963 retroque

301 991 432 1027 vera
465 974 771 1043 repulsanti
808 973 1060 1026 discedas
1093 976 1321 1041 pectore
1357 973 1520 1040 dicta,

301 1051 526 1104 tutimet
559 1049 616 1102 in
652 1048 811 1116 culpa
847 1065 970 1102 611111
1007 1048 1081 1102 sis
1116 1064 1296 1116 neque
1330 1063 1554 1102 cernere
1586 1050 1778 1117 possis.
1935 1067 2007 1107 915

300 1125 563 1214 principio
600 1141 821 1178 somnus
856 1125 921 1176 fit
954 1125 1050 1177 ubi
1085 1127 1173 1177 est
1207 1123 1476 1177 distracta
1508 1140 1609 1192 per
1644 1128 1798 1179 artus

301 1202 382 1255 vis
415 1202 627 1255 animae
661 1199 971 1268 partimque
1004 1200 1154 1253 foras
1189 1199 1363 1253 eiecta
1395 1199 1625 1254 recessit

302 1281 361 1332 et
393 1278 598 1347 partim
633 1279 893 1332 contrusa
926 1276 1101 1344 magis
1140 1275 1406 1329 concessit
1438 1276 1498 1328 in
1530 1276 1719 1331 altum.

300 1354 676 1409 dissoluuntur
710 1354 854 1408 enim
891 1357 1009 1407 tum
1045 1353 1269 1406 demum
1303 1351 1550 1407 membra
1582 1354 1879 1422 fluuntque.

300 1447 427 1485 nam
463 1431 689 1484 dubium
724 1448 833 1485 non
868 1433 968 1496 est,
1003 1428 1204 1483 animai
1237 1428 1369 1499 quin
1404 1444 1573 1497 opera
1607 1431 1679 1484 sit
1932 1446 2005 1485 920

301 1525 492 1562 sensus
524 1508 615 1562 hic
648 1507 706 1561 in
737 1508 908 1575 nobis,v
945 1523 1109 1575 quem
1145 1523 1269 1561 cum
1307 1522 1471 1576 sopor
1503 1507 1717 1576 inpedit
1751 1524 1887 1576 esse,

299 1588 420 1639 tum
454 1585 609 1639 nobis
646 1584 881 1638 animam
916 1583 1295 1653 perturbatam
1329 1599 1450 1636 esse
1484 1583 1848 1653 putandumst

299 1661 639 1731 eiectamque
673 1662 847 1727 foras}
881 1678 991 1715 non
1027 1677 1272 1726 omnem3
1306 1676 1542 1727 namque
1575 1661 1779 1715 iaceret

298 1742 523 1792 aeterno
559 1754 756 1807 corpus
790 1738 1069 1807 perfusum
1103 1737 1306 1804 frigore
1339 1735 1453 1790 leti.

208 1832 213 1837 ·
298 1815 504 1884 quippe
537 1814 632 1867 ubi
667 1814 818 1868 nulla
850 1814 1025 1867 latens
1061 1812 1260 1865 animai
1293 1829 1422 1880 pars
1456 1814 1767 1866 remaneret
1931 1828 2005 1866 925

295 1891 355 1943 in
391 1891 667 1954 membris,
702 1889 885 1943 6111616
917 1893 982 1941 ut
1015 1888 1190 1941 multa
1224 1888 1363 1941 latet
1396 1888 1627 1942 obrutus
1661 1889 1815 1956 ignis²

300 1967 447 2021 unde
482 1966 766 2020 reconflari
800 1981 989 2019 sensus
1022 1981 1124 2032 per
1159 1963 1408 2017 membra
1441 1967 1673 2032 repente

300 2047 503 2114 posset,
540 2047 605 2097 ut
640 2059 709 2096 ex
742 2041 858 2110 igni
892 2057 1051 2095 caeco
1085 2056 1413 2108 consurgere
1450 2040 1701 2094 flamma?

373 2121 486 2174 Sed
519 2119 718 2189 quibus
752 2119 889 2172 haec
922 2117 1085 2172 rebus
1119 2117 1332 2171 novitas
1367 2117 1570 2170 confiat
1605 2120 1664 2170 et
1698 2116 1845 2171 unde

299 2196 613 2266 perturbari
649 2196 829 2250 anima
862 2199 922 2250 et
957 2211 1156 2264 corpus
1190 2194 1544 2261 languescere
1579 2193 1767 2264 possit,
1933 2208 2007 2247 900

300 2274 616 2343 expediam:
654 2277 718 2328 tu
751 2273 839 2327 fac
873 2289 943 2326 ne
978 2272 1158 2327 ventis
1192 2270 1361 2325 verba
1394 2270 1736 2340 profundam.

298 2351 562 2420 principio
597 2355 825 2405 externa
859 2366 1055 2418 corpus
1091 2349 1163 2402 de
1197 2353 1358 2418 parte
1392 2364 1679 2402 necessum
1715 2351 1818 2416 est,

299 2427 459 2480 aeriis
494 2427 747 2494 quoniam
783 2425 1020 2480 vicinum
1057 2426 1307 2495 tangitur
1342 2425 1502 2493 auriS,

298 2503 522 2556 tundier
557 2507 724 2571 atque
760 2503 878 2557 eius
912 2502 1106 2557 crebro
1143 2502 1413 2572 pulsarier
1445 2502 1576 2570 ictu,

197 2570 208 2585 ⁸
296 2583 698 2649 proptereaque
732 2579 849 2633 fere
885 2596 974 2632 res
1012 2596 1201 2633 omnes
1237 2582 1332 2632 aut
1367 2579 1514 2632 corio
1550 2582 1678 2632 sunt
1934 2591 2006 2632 935

295 2659 391 2709 aut
426 2656 594 2710 etiam
632 2654 849 2709 conchis
889 2658 986 2708 aut
1021 2655 1159 2709 callo
1196 2659 1292 2709 aut
1328 2657 1530 2710 cortice
1563 2658 1761 2709 tectae.

295 2732 613 2785 interiorem
649 2732 817 2786 etiam
856 2735 1072 2801 partem
1110 2732 1445 2802 spirantibus
1480 2749 1576 2785 aer

294 2808 547 2863 verberat
582 2810 669 2863 hic
704 2807 868 2877 idem,
903 2824 1028 2861 cum
1069 2808 1291 2862 ducitur
1333 2813 1501 2877 atque
1535 2807 1776 2862 reflatur.

295 2902 465 2954 quare
499 2886 777 2955 utrimque
813 2902 970 2939 secus
1004 2901 1130 2939 cum
1169 2901 1366 2953 corpus
1402 2885 1625 2953 vapulet
1660 2888 1718 2939 et
1751 2901 1875 2938 cum

293 2964 614 3030 perveniant
647 2964 842 3032 plagae
875 2980 978 3033 per
1011 2978 1181 3031 parva
1214 2961 1484 3015 foramina
1517 2960 1674 3014 nobis
1931 2972 2006 3013 910

294 3040 541 3109 corporis
577 3041 649 3094 ad
683 3041 888 3110 primas
923 3039 1095 3109 partis
1131 3039 1512 3108 elementaque
1547 3037 1739 3107 prima,

295 3115 363 3169 fit
400 3118 553 3185 quasi
586 3119 850 3188 paulatim
884 3118 1043 3171 nobis
1078 3132 1182 3187 per
1215 3115 1463 3170 membra
1496 3115 1667 3168 ruina.

296 3193 694 3247 conturbantur
726 3194 869 3250 enim
907 3194 1188 3263 positurae
1222 3192 1611 3263 principiorum
