2259 3442
241 105 320 169 92
1009 104 1158 161 1111

238 210 386 281 quod
420 210 741 265 iaculentur.
776 212 838 265 ct
872 210 978 265 hoc
1013 210 1149 264 alias
1183 226 1308 264 cum
1342 208 1597 279 pervenit
1631 209 1689 264 in
1724 226 1830 277 res,
1940 232 1943 233 ⁷

239 288 457 355 transit,
493 291 559 342 ut
592 287 649 341 in
684 287 876 357 primis
913 288 1129 342 vitrum.
1165 287 1265 341 sed
1298 285 1396 339 ubi
1429 302 1626 356 aspera
1661 303 1794 341 saxa

241 369 341 418 aut
375 365 429 417 in
466 364 753 418 materiam
789 363 925 433 ligni
960 364 1227 433 pervenit,
1261 361 1340 416 ibi
1374 363 1481 416 iam

236 440 509 496 scinditur
543 444 608 495 ut
645 440 856 494 nullum
891 439 1243 494 simulacrum
1278 438 1516 493 reddere
1550 440 1738 509 possit.

237 520 298 570 at
335 534 460 572 cum
498 515 789 587 splendida
823 532 966 585 quae
1001 518 1254 570 constant
1289 518 1524 585 opposta
1557 516 1783 570 fuerunt
1875 530 1948 571 15⁰

240 592 528 662 densaque,
553 594 618 646 ut
642 592 697 645 in
723 592 917 662 primis
941 592 1224 660 speculum
1249 594 1352 660 est,
1374 591 1451 644 nil
1474 591 1678 646 accidit
1702 592 1923 651 horum..

237 685 365 723 nam
390 685 582 738 neque,
607 668 690 723 uti
715 668 935 736 vitrum,
959 667 1107 736 potis
1130 669 1219 722 est
1241 668 1492 737 transire,
1514 683 1693 737 neque
1716 672 1901 723 autem

238 745 442 811 scindi3
477 761 642 814 quam
677 744 926 799 meminit
959 744 1111 798 levor
1144 746 1430 813 praestare
1465 744 1715 798 salutem.

239 825 576 891 quapropter
611 821 676 875 fit
710 824 776 875 ut
809 819 935 874 hinc
971 818 1126 873 nobis
1162 819 1454 873 simulacra
1485 818 1813 874 redundent.

239 902 300 951 ct
332 897 580 966 quamvis
612 896 794 951 subito
830 895 1022 965 quovis
1054 896 1113 949 in
1147 899 1398 964 tempore
1432 911 1706 963 quamque
1874 909 1949 950 155

239 990 357 1028 rem
392 977 586 1027 contra
621 972 901 1042 speculum
935 988 1121 1041 ponas,
1160 974 1394 1041 apparet
1426 971 1639 1039 imago3

237 1053 509 1120 perpetuo
545 1049 716 1105 fluere
747 1052 815 1103 ut
848 1064 1040 1102 noscas
1074 1066 1108 1102 e
1144 1064 1372 1118 corpore
1409 1064 1623 1102 summo

242 1130 496 1181 texturas
530 1143 714 1180 rerum
750 1125 934 1180 tenuis
968 1125 1259 1193 tenuisque
1294 1124 1512 1193 figuras.

241 1219 375 1271 ergo
410 1203 586 1257 multa
620 1201 774 1256 brevi
811 1201 987 1271 spatio
1024 1201 1313 1255 simulacra
1347 1202 1641 1269 genuntur,

242 1282 308 1333 ut
341 1280 540 1333 merito
574 1279 722 1333 celer
754 1277 839 1331 his
872 1277 1038 1331 rebus
1072 1276 1292 1331 dicatur
1328 1277 1493 1345 origo.
1876 1288 1951 1329 16⁰

243 1360 303 1409 et
337 1356 492 1424 quasi
528 1355 703 1409 multa
734 1354 887 1408 brevi
925 1353 1101 1422 spatio
1139 1353 1484 1408 summittere
1519 1351 1691 1406 dcbct

242 1432 446 1486 lumina
480 1431 559 1485 sol
595 1435 660 1485 ut
693 1434 962 1500 perpetuo
999 1431 1108 1485 sint
1145 1430 1325 1483 omnia
1358 1429 1533 1497 plena,

239 1508 320 1563 sic
355 1508 428 1562 ab
463 1507 630 1562 rcbus
666 1506 800 1562 item
838 1505 999 1561 simili
1037 1507 1250 1560 ratione
1285 1509 1564 1559 necessest

242 1584 505 1654 temporis
539 1584 596 1638 in
632 1588 838 1653 puncto
872 1599 1057 1637 rerum
1094 1580 1381 1635 simulacra
1415 1581 1664 1635 ferantur

240 1661 414 1715 multa
447 1660 624 1714 modis
658 1654 844 1715 multis
879 1661 936 1714 in
971 1662 1196 1714 cunctas
1228 1657 1473 1726 undique
1507 1655 1712 1726 partis3
1874 1671 1948 1710 165

241 1736 684 1806 quandoquidem
721 1736 1003 1807 speculum
1037 1750 1381 1804 quocumque
1416 1733 1750 1788 obvertimus
1771 1733 1911 1800 oris,

241 1831 330 1868 res
363 1813 441 1867 ibi
476 1814 812 1883 respondent
848 1813 1007 1867 simili
1041 1812 1217 1865 forma
1252 1814 1420 1880 atque
1455 1810 1649 1866 colore.

310 1890 632 1960 [Praeterea
665 1890 829 1944 modo
866 1906 990 1944 cum
1024 1888 1195 1943 fuerit
1229 1887 1589 1956 liquidissima
1624 1886 1759 1941 caeli

237 1971 558 2037 tempestas,
593 1983 861 2037 perquam
898 1965 1081 2019 subito
1116 1965 1184 2018 fit
1217 1964 1445 2018 turbida
1478 1963 1655 2030 foede,

238 2044 479 2112 undique
511 2044 596 2098 uti
632 2042 892 2098 tenebras
925 2041 1101 2095 omnis
1139 2040 1465 2095 Acherunta
1498 2041 1672 2094 rearis
1878 2052 1951 2094 170

238 2119 462 2189 liquisse
495 2124 555 2174 et
589 2135 817 2187 magnas
852 2117 989 2171 caeli
1025 2115 1330 2184 complesse
1365 2132 1638 2170 cavernas.

237 2213 410 2264 usquc
446 2196 586 2250 adeo
620 2199 803 2249 taetra
837 2192 1147 2246 nimborum
1183 2195 1344 2246 nocte
1380 2195 1569 2245 coorta

235 2270 540 2340 inpendent
574 2275 730 2324 atrae
764 2267 1067 2323 formidinis
1104 2283 1202 2320 ora
1237 2282 1503 2334 superne;

238 2363 470 2415 quorum
503 2344 769 2415 quantula
803 2360 932 2413 pars
969 2343 1043 2397 sit
1076 2342 1258 2410 imago
1295 2341 1481 2396 dicere
1516 2347 1733 2396 nemost

237 2421 331 2492 qui
365 2421 541 2491 possit
575 2437 753 2488 neque
788 2435 910 2474 eam
946 2419 1215 2472 rationem
1252 2418 1489 2472 reddere
1524 2417 1729 2488 dictis]
1877 2433 1948 2474 175

309 2498 360 2551 N
364 2514 469 2552 unc
504 2513 620 2566 age,
655 2512 819 2564 quam
856 2495 1019 2550 celeri
1054 2497 1212 2549 motu
1248 2494 1537 2550 simulacra
1571 2494 1822 2550 ferantur

238 2578 298 2629 et
332 2590 473 2644 quae
511 2573 785 2628 mobilitas
821 2572 944 2627 ollis
977 2571 1327 2626 tranantibus
1363 2589 1524 2627 auras

237 2651 460 2705 reddita
495 2651 582 2720 sit,
618 2651 778 2719 longo
815 2649 995 2721 spatio
1028 2652 1094 2703 ut
1130 2648 1313 2705 brevis
1346 2648 1484 2703 hora
1519 2653 1749 2716 teratur,

237 2728 293 2780 in
329 2745 491 2795 quem
530 2743 779 2797 quaeque
816 2725 996 2781 locum
1032 2725 1250 2780 diverso
1285 2726 1521 2780 momine
1557 2724 1808 2790 tendunt,

239 2804 526 2858 suavidicis
561 2804 744 2874 potius
780 2820 944 2872 quam
979 2801 1169 2856 multis
1203 2801 1453 2856 versibus
1488 2800 1680 2865 edam3
1875 2814 1950 2855 180

237 2895 438 2947 parvus
474 2883 539 2933 ut
574 2887 660 2935 est
695 2880 846 2947 cycni
883 2879 1078 2933 melior
1113 2894 1293 2944 canor,
1328 2877 1421 2932 ille
1454 2892 1650 2945 gruum
1687 2891 1854 2945 quam
1928 2890 1938 2897 ·

238 2953 443 3007 clamor
476 2954 533 3006 in
568 2955 829 3009 aetheriis
865 2955 1149 3025 dispersus
1183 2953 1422 3008 nubibus
1455 2951 1642 3006 austri.

236 3029 505 3099 principio
538 3045 807 3099 persaepe
843 3031 979 3086 levis
1011 3047 1104 3085 res
1137 3034 1305 3100 atque
1339 3028 1565 3082 minutis

237 3104 557 3175 corporibus
588 3105 765 3161 factas
800 3107 994 3161 celeris
1028 3107 1161 3162 licet
1195 3122 1316 3160 esse
1350 3103 1552 3158 videre.

237 3182 295 3238 in
329 3197 438 3246 qno
470 3182 578 3236 iam
611 3198 816 3249 genere
851 3187 941 3238 est
975 3183 1105 3238 solis
1139 3183 1234 3237 lux
1269 3185 1329 3238 et
1362 3198 1534 3252 vapor
1566 3180 1688 3237 eius
1876 3199 1950 3240 186
