2259 3442
1129 129 1239 185 III
1962 131 2027 188 67

335 231 588 286 omnibus
623 233 709 284 est
743 246 911 283 unum
944 230 1252 298 perfectum
1284 231 1526 300 corporis
1561 246 1816 300 augmen.

334 310 412 364 sic
446 309 593 363 calor
629 311 797 376 atque
833 323 930 360 aer
965 309 1024 360 et
1058 307 1210 362 venti
1244 323 1405 361 caeca
1439 312 1685 375 potestas

334 386 508 439 mixta
540 388 731 438 creant
767 400 930 436 unam
965 387 1220 437 naturam
1257 387 1316 437 et
1349 382 1563 437 mobilis
1597 385 1692 438 illa
1904 396 1909 400 ’
1962 398 2037 443 270

334 463 432 529 vi8‚
469 462 667 515 initum
703 463 885 513 motus
918 459 990 512 ab
1026 476 1086 513 se
1121 477 1264 529 quae
1299 460 1497 514 dividit
1532 461 1669 527 ollis,

336 538 565 593 sensifer
600 537 747 590 undo
784 527 961 589 oritur
993 536 1231 605 primum
1267 553 1368 605 per
1402 537 1612 591 viscera
1644 539 1840 592 motus.

270 663 272 666 Α
336 632 462 668 nam
496 614 716 683 penitus
749 628 1001 681 prorsum
1031 612 1177 680 latet
1211 613 1346 666 haec
1381 616 1578 667 natura
1613 613 1912 682 subestque

332 707 434 745 nec
468 690 641 758 magis
676 690 779 743 hac
811 689 957 743 infra
989 687 1280 758 quicquain
1316 693 1403 743 est
1438 690 1495 742 in
1531 705 1758 760 corpore
1794 692 1983 744 nostro

335 771 504 837 atque
538 767 719 821 anima
751 768 840 820 est
875 766 1086 819 animae
1119 782 1387 834 proporro
1423 766 1594 820 totius
1628 767 1761 836 ipsa.
1969 773 2042 815 273

335 844 483 912 quod
515 860 689 911 genus
722 843 781 896 in
814 843 1017 896 nostris
1050 841 1314 896 membris
1348 845 1409 897 et
1444 859 1670 912 corpore
1704 846 1829 898 toto

334 920 506 974 mixta
541 919 718 973 latens
754 919 920 972 animi
955 919 1039 972 vis
1074 922 1162 972 est
1197 919 1519 986 animaeque
1552 923 1812 988 potestas,

334 996 651 1064 corporibus
686 995 816 1063 quia
851 994 922 1048 de
956 995 1140 1062 parvis
1174 994 1473 1062 paucisque
1509 999 1768 1051 creatast.

334 1073 411 1125 sic
445 1071 552 1131 tibi,
580 1071 813 1123 nominis
848 1071 984 1123 haec
1020 1086 1217 1138 expers
1253 1069 1333 1122 vis
1366 1069 1514 1123 faeta
1547 1071 1775 1125 minutis
2000 1119 2005 1123 .

335 1146 652 1215 corporibus
685 1146 824 1198 latet
859 1149 1028 1213 atque
1063 1146 1276 1199 animae
1312 1146 1466 1214 quasi
1502 1147 1675 1200 totius
1709 1148 1830 1217 ipsa
1973 1165 2048 1204 aso

334 1225 653 1292 proporrost
688 1221 868 1274 anima
902 1225 961 1274 et
998 1221 1310 1275 dominatur
1344 1238 1571 1290 corporo
1603 1226 1737 1279 toto,

335 1298 600 1353 consimili
636 1297 849 1351 ratione
883 1299 1162 1351 necessest
1194 1300 1393 1351 ventus
1428 1302 1486 1352 et
1523 1315 1618 1353 aer

335 1378 394 1428 ct
430 1374 591 1428 calor
611 1373 757 1428 inter
792 1390 852 1427 se
887 1374 1109 1441 vigeant
1145 1374 1439 1428 commixta
1473 1392 1574 1444 per
1607 1379 1764 1431 artus

333 1451 512 1520 adque
546 1451 669 1504 aliis
704 1451 853 1505 aliud
890 1450 1066 1504 subsit
1103 1450 1276 1518 magis
1312 1452 1659 1521 emineatque

330 1531 395 1581 ut
432 1527 698 1596 quiddam
732 1527 851 1581 fieri
887 1527 1144 1581 videatur
1176 1527 1246 1580 ab
1283 1526 1534 1582 omnibus
1568 1545 1752 1595 unum,
1838 1564 1849 1573 ·
1884 1550 1887 1557 ·
1962 1544 2071 1593 285„
2126 1594 2128 1596 v

330 1604 387 1656 ni
424 1603 571 1657 calor
605 1621 669 1658 ac
704 1608 900 1676 ven-„tus
937 1621 1183 1658 seorsum
1220 1621 1574 1674 seorsumque
1607 1608 1856 1673 potestas
1910 1614 1944 1669 ’ῃ
1959 1614 2025 1663 rt
2041 1607 2064 1651 ύ
2086 1612 2129 1647 ⁴*

330 1680 472 1734 acris
508 1681 841 1735 interemant
878 1697 1094 1734 sensum
1130 1681 1467 1750 diductaque
1505 1681 1733 1735 solvant.

329 1760 417 1810 est
454 1757 656 1810 etenim
692 1757 840 1809 calor
874 1757 968 1810 ille
1003 1757 1199 1823 animo,
1237 1774 1400 1824 quem
1437 1758 1617 1820 sumit,
1651 1758 1707 1810 in
1742 1757 1828 1810 ira

329 1849 454 1886 cum
491 1833 747 1886 fervescit
783 1836 842 1886 et
877 1849 946 1886 ex
982 1833 1151 1886 oculis
1186 1833 1355 1886 micat
1388 1834 1605 1886 acribus
1639 1833 1819 1886 ardor.

331 1913 417 1963 est
453 1911 512 1962 et
547 1909 750 1976 frigida
785 1908 960 1961 multa
995 1924 1177 1961 comes
1214 1908 1520 1961 formidinis
1555 1925 1689 1961 aura
1967 1923 2040 1961 20⁸·-

330 2001 470 2053 quae
508 1984 616 2037 ciet
651 1984 933 2036 horrorem
970 1983 1230 2036 membris
1266 1984 1596 2037 et‘concitat
1631 1987 1798 2037 artus.

329 2063 415 2113 cst
452 2060 618 2113 etiam
657 2075 874 2128 quoque
910 2060 1090 2127 pacati
1127 2062 1305 2113 status
1341 2059 1484 2113 aeris
1518 2059 1627 2128 ille,

327 2140 564 2205 pectore·
585 2135 879 2202 tranquillo
917 2137 1010 2204 qui
1046 2134 1110 2189 fit
1146 2135 1407 2203 voltuque
1443 2151 1650 2189 sereno,

329 2213 427 2266 scd
463 2213 622 2266 calidi
658 2213 782 2282 plus
818 2215 906 2266 est
939 2211 1047 2265 illis
1082 2212 1283 2281 quibus
1318 2212 1464 2266 acria
1497 2210 1664 2266 corda

325 2289 699 2359 iracundaque
735 2305 889 2342 mens
923 2288 1081 2342 facile
1117 2288 1423 2343 effervescit
1457 2289 1513 2341 in
1548 2288 1644 2341 ira.
1970 2302 2045 2342 295

330 2383 439 2435 quo
473 2383 676 2433 genere
712 2366 769 2418 in
804 2365 997 2435 primis
1033 2365 1115 2419 vis
1151 2367 1237 2418 est
1272 2366 1510 2420 violenta
1545 2366 1781 2432 leonum,

330 2446 554 2510 pectora
589 2443 686 2510 qui
717 2442 940 2496 fremitu
976 2444 1239 2510 rumpunt
1272 2442 1596 2511 plerumque
1630 2444 1916 2509 gementes

328 2534 431 2571 nec
468 2534 662 2585 capere
698 2517 904 2570 irarum
940 2518 1138 2572 fluctus
1174 2520 1227 2571 in
1263 2522 1486 2587 pectore
1520 2521 1766 2586 possunt.

329 2598 390 2648 at
428 2598 652 2647 ventosa
685 2594 860 2661 magis
895 2595 1179 2648 cervorum
1215 2594 1418 2661 frigida
1452 2611 1606 2649 mens
1642 2596 1730 2648 est

329 2674 389 2723 et
423 2667 635 2736 gelidas
671 2669 832 2722 citius
867 2685 969 2737 per
1003 2671 1213 2724 viscera
1248 2671 1484 2724 concitat
1518 2687 1678 2723 auras
1959 2683 2037 2726 300
2081 2714 2095 2723 .

332 2762 473 2813 quae
509 2745 801 2798 tremulum
839 2745 1045 2799 faciunt
1079 2745 1340 2800 membris
1376 2747 1613 2800 existere
1648 2747 1874 2800 motum.
1916 2807 1928 2816 ,

331 2828 392 2875 at
428 2825 627 2875 natura
665 2821 830 2875 boum
865 2822 1081 2891 placido
1115 2823 1291 2890 magis
1327 2839 1454 2876 aero
1489 2823 1637 2889 vivit,

326 2914 426 2952 nec
461 2898 622 2952 nimis
660 2899 762 2952 irai
798 2900 890 2953 fax
925 2916 1187 2967 umquam
1223 2897 1447 2953 subdita
1480 2899 1659 2966 percit

326 2974 554 3041 fumida,
596 2975 913 3031 suffundens
948 2992 1142 3031 caecae
1179 2975 1423 3043 caliginis
1457 2975 1666 3040 umbra,

335 3067 435 3104 nec
471 3050 667 3118 gelidis
704 3056 891 3120 torpet
926 3052 1053 3107 telis
1087 3052 1302 3122 perfixa
1336 3051 1585 3121 pavoris:
1968 3062 2042 3102 806

335 3124 483 3178 inter
518 3130 779 3196 utrosque
817 3130 993 3196 sitast,
1029 3145 1218 3184 cervos
1255 3145 1554 3198 saevosque
1590 3127 1790 3182 leones.

336 3201 413 3253 sic
448 3201 721 3255 hominum
760 3222 932 3271 genus
967 3211 1066 3260 est.
1106 3206 1356 3275 quamxis
1393 3204 1645 3259 doctrina
1676 3194 1880 3272 politos

2178 1616 2215 1651 »k
