2259 3442
1060 104 1173 140 XXX

266 236 431 282 cansa
465 222 527 275 et
570 236 695 275 cum
742 219 1006 274 orationis
1046 219 1467 288 sententiaeque
1506 219 1873 292 detrimento’‚
1912 229 1981 281 ut

269 308 453 364 verbis
474 310 604 363 utar
628 306 894 374 Madvigii
918 305 1130 360 emend.
1158 305 1273 359 Liv.
1291 321 1344 375 p.
1365 310 1482 374 123,
1497 306 1598 362 ubi
1613 307 1696 362 vir
1716 309 1979 364 eruditis-

268 395 436 447 simus
458 392 563 447 hoc
583 391 843 460 loquendi
865 407 1039 459 genus
1061 390 1316 445 illustrat.

371 483 472 538 768
539 478 667 532 libri
693 492 926 532 runem.
996 477 1382 531 Lachmannus
1399 477 1603 545 fulgit.

369 571 471 621 805
539 564 666 619 libri
703 579 955 619 rumim.
1034 563 1415 618 Lachmannus
1444 563 1667 633 passim
1704 565 1824 621 sine
1860 567 1979 622 ulla

267 666 441 705 causa.
508 666 637 707 nam
667 651 724 704 in
757 655 859 706 988
895 666 1115 720 quoque
1148 649 1422 710 mortalia
1452 652 1633 704 saecla
1669 650 1973 708 humanum

266 752 450 804 genus,
473 752 582 790 non
605 752 765 790 omne
786 752 961 804 genus
982 736 1319 791 animantum
1342 735 1627 803 significat.

369 825 473 876 854
540 837 644 890 pro
691 835 959 874 1101011111·
998 819 1191 890 scripsi
1227 836 1352 874 cum
1394 820 1696 888 Bernaysio
1734 827 1978 877 mutent.

265 908 323 961 in
346 908 626 977 superiore
646 923 810 963 versu
832 924 931 976 pro
955 922 1186 960 1113111111
1217 905 1602 960 Lachmannus
1629 922 1796 961 avere
1819 907 1975 976 quod

267 1009 390 1047 cum
414 993 874 1062 praecedentibus
895 992 1191 1060 coniungit.

371 1086 469 1136 881
543 1079 847 1150 quadratus
870 1094 982 1133 PAR
1017 1093 1109 1133 Vis
1142 1093 1216 1133 m·
1249 1093 1365 1133 nou
1398 1093 1500 1133 sar
1521 1093 1676 1132 uns.
1744 1094 1848 1145 pro
1870 1093 1977 1133 sAr

269 1166 535 1238 oblongus
573 1183 675 1223 sir.
743 1167 934 1237 scripsi
976 1165 1111 1234 visq.
1152 1171 1218 1220 ut
1255 1181 1374 1220 non
1419 1171 1509 1219 sat
1546 1182 1680 1232 par.
1741 1182 1866 1233 par
1912 1165 1972 1219 in

268 1254 515 1322 margine
535 1254 772 1322 primum
804 1253 1143 1322 adscriptum
1174 1250 1345 1305 fuisse
1367 1250 1602 1317 videtur,
1624 1253 1690 1304 ut
1711 1249 1767 1303 in
1790 1250 1973 1304 10011111

269 1340 442 1407 inepti
472 1355 620 1407 pare
657 1341 1072 1407 supponeretur,
1097 1340 1159 1391 et
1188 1336 1319 1391 inde
1347 1336 1405 1390 in
1426 1353 1645 1391 versum
1671 1336 1972 1405 irrepsisse.

272 1424 648 1478 Lachmannus
684 1423 883 1489 partis
928 1429 995 1474 ut
1039 1423 1094 1475 si
1130 1438 1266 1490 par,
1309 1423 1460 1491 quod
1506 1423 1597 1477 vix
1645 1422 1973 1491 intellegere

270 1525 503 1577 possum.
572 1507 819 1576 loquitur
851 1512 1019 1577 poeta
1045 1508 1116 1561 de
1146 1506 1315 1562 rebus
1342 1525 1413 1562 ex
1448 1509 1766 1577 alienigenis
1798 1525 1971 1564 mem-

268 1593 383 1648 bris
405 1594 484 1648 ita
506 1593 816 1662 compactis,
831 1597 898 1648 ut
914 1595 996 1647 vis
1013 1597 1072 1648 et
1093 1596 1342 1661 potestas
1357 1595 1648 1663 utriusque
1664 1594 1844 1664 partis
1858 1612 1970 1650 non

268 1680 404 1735 satis
425 1696 528 1748 par
550 1696 671 1734 esse
688 1680 875 1748 possit.

371 1770 475 1820 888
541 1781 644 1835 pro
667 1779 901 1820 romum
924 1765 1117 1835 scripsi
1136 1781 1322 1833 puero
1344 1766 1441 1820 olli
1465 1766 1598 1833 (oli).
1668 1766 1970 1821 Lachman-

266 1865 371 1902 nus
406 1865 530 1903 cum
570 1848 812 1904 Avantio
839 1849 1056 1918 pueris,
1092 1865 1202 1918 quo
1233 1850 1249 1875 ‘
1262 1847 1352 1902 nil’
1384 1849 1465 1903 ait
1489 1850 1502 1877 ‘
1521 1851 1619 1903 aut
1654 1849 1839 1904 verius
1873 1867 1970 1904 ex·-

266 1935 496 2004 cogitari
521 1939 706 2005 potest
727 1940 827 1992 aut
847 1936 1158 2006 pulchrius’.
1385 1976 1390 1979 -

371 2029 468 2078 901
542 2040 670 2077 vero
689 2040 814 2078 cum
837 2023 923 2078 ed.
952 2023 1098 2077 Iunt.
1121 2026 1248 2092 post
1273 2022 1504 2091 quidem
1532 2021 1739 2077 addidi.
1798 2021 1973 2077 Lach-

265 2122 497 2162 mannus
518 2108 576 2161 in
597 2108 865 2177 principio
889 2123 1080 2161 versus
1102 2108 1364 2175 denique.

371 2199 473 2248 923
540 2210 642 2261 pro
664 2207 716 2247 s1
740 2192 934 2261 scripsi
958 2208 1062 2246 res.
1131 2192 1513 2247 Lachmannus
1538 2193 1637 2248 vis.

370 2281 471 2336 947
539 2294 643 2346 pro
679 2292 1006 2331 onfflcrrxr
1044 2277 1314 2346 Forbiger
1347 2280 1554 2349 optime
1588 2278 1784 2333 Glaru'
1815 2278 1971 2334 citat.

269 2362 646 2417 Lachmannus
690 2362 1012 2430 metrificat,
1051 2363 1201 2429 quod
1245 2380 1349 2418 nec
1388 2364 1592 2420 dicitur
1632 2365 1827 2419 Latine
1867 2381 1972 2419 nec

265 2447 377 2502 dici
411 2450 599 2518 potest
625 2463 741 2516 1100,
765 2448 810 2501 si
842 2447 1137 2516 diceretur,
1163 2449 1312 2517 quod
1339 2449 1434 2504 ille
1456 2452 1639 2518 voluit,
1663 2451 1973 2521 significare

266 2538 467 2602 posset.

369 2623 471 2677 975
540 2617 845 2674 rectissime
878 2618 1206 2687 Naugerius,
1240 2636 1348 2674 non
1382 2622 1670 2688 Aventius,
1702 2625 1831 2690 post
1867 2627 1970 2679 967

264 2707 616 2777 transposuit.
667 2707 682 2734 ‘
695 2706 784 2762 hic
831 2705 1013 2760 omnia
1058 2705 1199 2760 mira
1246 2707 1389 2761 sunt'
1431 2707 1511 2761 ait
1557 2706 1970 2773 Lachmannus3

264 2794 341 2847 nil
376 2797 564 2849 tamen
598 2794 900 2849 mirabilius
935 2809 1099 2863 quam
1132 2792 1284 2861 quod
1305 2793 1424 2860 ipse
1447 2791 1640 2845 effecit.
1710 2807 1839 2844 nam
1864 2795 1968 2849 970

263 2878 320 2931 in
344 2878 456 2933 duo
483 2896 675 2934 versus
710 2879 1029 2934 dimidiatos
1057 2877 1298 2945 diremit,
1323 2892 1557 2946 quorum
1590 2876 1752 2930 unius
1784 2876 1969 2945 finem,

263 2963 489 3018 alterius
522 2965 740 3019 initium
775 2952 1125 3020 intercidisse
1154 2964 1301 3028 vult3
1351 2962 1554 3017 deinde
1589 2966 1690 3020 975
1726 2963 1970 3017 medium

263 3047 414 3102 inter
430 3049 530 3102 has
552 3065 808 3104 versuum
831 3053 1021 3117 partes
1045 3050 1292 3112 collocat,
1318 3045 1533 3101 adiecta
1555 3047 1727 3102 totius
1750 3051 1970 3102 senten-

263 3133 378 3188 tiae
407 3133 703 3189 durissima
731 3135 1204 3202 interpretatione.
1274 3147 1377 3199 ego
1408 3134 1596 3186 autem
1629 3136 1732 3191 970
1769 3133 1971 3188 leniter
