2259 3442
1130 86 1265 141 xxiii

445 232 546 283 216
617 243 717 296 pro
743 216 890 279 MIRA‘
916 225 1293 280 Lachmannus
1323 226 1495 280 mitti.
1520 225 1714 280 melius
1741 228 1927 279 tamen
1953 242 2046 280 ex-

338 312 537 367 cidisse
573 326 789 365 versum
824 309 1110 363 constituit
1149 310 1442 364 Goebelius
1478 309 1591 363 obs.
1631 309 1844 363 Lucrct.
1878 324 1930 378 p.
1963 314 2046 363 25.

340 399 584 467 loquitur
629 397 774 451 enim
824 400 991 467 poeta
1031 396 1102 451 de
1150 396 1455 450 incredibili
1503 397 1698 450 horum
1757 413 2045 465 corporum

338 480 634 538 celeritate.
679 500 869 537 versus
918 487 1209 552 sequentes
1269 483 1505 537 Gellium
1575 487 1633 538 ct
1692 483 1744 538 Ν
1748 482 1930 537 onium
1988 482 2045 535 in

339 574 539 639 quarto
560 569 700 623 libro
731 569 930 637 legisse
963 572 1176 623 certum
1201 572 1288 623 est
1316 586 1418 624 nec
1451 570 1680 625 dubium
1713 587 1833 625 esse
1860 573 2045 639 potest
2191 612 2196 663 -1

340 656 474 725 quin
508 673 601 711 eos
648 659 746 710 aut
790 656 908 724 ipse
955 657 1121 725 poeta
1146 659 1243 710 aut
1289 656 1501 726 primus
1548 656 1732 710 editor
1778 656 1881 710 hoc
1928 654 2046 709 loco
2193 668 2198 743 ³]

336 744 597 814 posuerit.
644 743 927 798 fatendum
974 746 1061 797 est
1104 745 1290 797 tamen
1336 743 1392 797 in
1430 743 1571 797 libro
1614 746 1786 811 sexto,
1834 742 1931 795 ubi
1973 741 2043 795 ad
2197 768 2200 833 Ι

337 830 584 885 litteram
612 829 908 898 iterantur‚·
931 828 1005 882 ad
1032 829 1137 883 loci
1174 829 1504 884 sententiam
1527 846 1824 898 rerumque
1852 845 2045 884 conex-
2199 836 2202 897 ς

338 933 433 970 um
457 915 629 970 multo
652 915 1170 970 accommodatiores
1194 932 1333 969 esse.
2203 920 2204 953 ¹

444 1009 545 1057 229
582 1005 642 1057 et
679 1003 768 1057 hic
808 1006 867 1058 et
913 1002 970 1056 in
1007 1005 1164 1056 sexto
1205 1000 1346 1055 libro
1395 1000 1706 1055 necessario
1745 1000 2044 1054 servandus
2205 994 2206 1025 ³

337 1088 574 1143 videtur.
610 1089 744 1143 dicit
766 1092 931 1157 pocta
953 1105 1053 1142 nos
1086 1087 1359 1142 sentiendi
1382 1087 1493 1143 vim
1516 1089 1785 1157 perpetuo
1821 1085 2044 1154 habere,

338 1180 397 1231 et
425 1177 603 1245 licere,
629 1177 675 1231 si
706 1176 952 1244 velimus,
983 1174 1166 1230 onmia
1198 1192 1415 1243 semper
1447 1191 1672 1229 cernere
1712 1177 1816 1229 cet.
1875 1173 2046 1227 Lach-

335 1263 521 1317 manni
545 1262 799 1332 rationes,
825 1262 920 1330 qui
944 1262 1087 1315 hunc
1113 1258 1348 1315 versum·
1368 1261 1543 1331 eiecit,
1566 1277 1740 1330 paene
1772 1260 2045 1315 absurdae

337 1352 477 1403 sunt.
524 1348 708 1403 dicere
741 1348 887 1402 enim
927 1363 1027 1401 nos
1060 1349 1328 1416 perpetuo
1360 1350 1419 1401 et
1456 1362 1675 1415 semper
1705 1346 1885 1399 omnia
1922 1362 2044 1399 sen-

335 1438 458 1504 tire,
483 1435 734 1505 desipere
758 1437 859 1488 est.
922 1498 927 1501 v

440 1529 540 1576 245
563 1522 691 1576 libri
715 1537 889 1576 coerr.
961 1520 1340 1575 Lachmannus
1363 1527 1544 1575 curat.

439 1612 536 1665 271
567 1611 624 1663 et
649 1611 752 1666 278
775 1625 877 1678 pro
899 1623 1049 1661 VERE
1072 1607 1282 1662 frustra
1306 1607 1686 1661 Lachmannus
1711 1614 1861 1675 sunt,
1883 1608 2025 1661 bene.

439 1700 542 1749 284
565 1711 666 1764 pro
702 1710 765 1748 m
800 1710 921 1749 EUM
958 1693 1148 1764 scripsi
1175 1694 1243 1747 in
1265 1694 1432 1748 idem.
1505 1694 1688 1747 hausit
1725 1694 1793 1747 id
1822 1709 2042 1762 praece-

335 1779 474 1832 dens
509 1780 576 1832 in
591 1798 616 1844 ;
656 1778 856 1833 deinde
892 1796 962 1833 ex
986 1796 1074 1833 em
1098 1779 1231 1833 fecit
1258 1778 1517 1833 librarius
1554 1797 1697 1833 eum.
1768 1784 1959 1836 contra
1984 1795 2044 1834 1v

339 1869 471 1922 1037
496 1864 563 1917 in
589 1863 794 1918 excidit
815 1868 943 1933 post
966 1864 1044 1917 id.
1105 1863 1485 1918 Lachmannus
1509 1864 1740 1937 iterum.

439 1957 542 2005 290
568 1950 947 2004 Lachmannus
969 1966 1077 2003 non
1101 1953 1252 2004 recte
1277 1953 1403 2019 post
1435 1954 1537 2007 270
1563 1950 1864 2007 collocavit.
1936 1951 2043 2006 ool-

332 2039 447 2093 lato
471 2038 616 2092 enim
647 2040 742 2095 107
769 2041 997 2107 apparet
1033 2036 1323 2091 simulacra
1346 2036 1435 2091 vel
1458 2036 1740 2107 imagines,
1765 2055 1873 2092 non
1895 2039 2042 2108 ipsas

333 2141 437 2191 res,
463 2121 809 2192 speculorum
833 2140 903 2177 ex
926 2139 1167 2193 aequore
1204 2122 1442 2178 reddere
1467 2124 1656 2178 visum.
1729 2124 1918 2193 itaque
1940 2142 2041 2194 pro

334 2223 480 2262 uus
517 2224 665 2270 QUAE
697 2224 962 2263 nannum·
986 2209 1179 2279 scripsi
1205 2209 1324 2265 illic
1347 2225 1494 2277 quor
1520 2210 1776 2264 reddant.

439 2300 540 2348 303
566 2293 945 2348 Lachmannus
967 2301 1070 2349 aut
1093 2298 1238 2365 ante,
1257 2313 1358 2364 ego
1383 2313 1507 2351 oum
1530 2295 1810 2351 veteribus
1833 2313 1896 2351 ve
1917 2302 2043 2365 post

333 2395 437 2434 snx
461 2380 670 2435 addidi.

436 2471 637 2521 345—6
660 2464 789 2520 libri
813 2458 1287 2522 Arun'Commuo.
1330 2468 1707 2525 Lachmannus
1729 2477 1867 2539 ater,
1882 2472 2043 2526 Aera

331 2552 614 2606 continuo,
687 2551 882 2605 melius
906 2552 1234 2621 Bernaysius
1256 2570 1360 2607 aer
1389 2554 1544 2622 Ater,
1568 2555 1850 2609 continuo,

440 2635 576 2691 Post
601 2639 701 2695 397
726 2653 834 2690 non
860 2636 1055 2692 dubito
1080 2638 1212 2705 quin
1236 2637 1397 2692 huius
1420 2639 1537 2694 fere
1560 2640 1708 2693 modi
1733 2657 1924 2694 versus
1948 2659 2041 2695 ex-

333 2719 549 2790 ciderit,
574 2722 799 2776 Fallere
821 2739 980 2789 saepe
1002 2722 1276 2776 animum
1298 2724 1486 2777 simili
1509 2724 1732 2778 ratione
1767 2724 2039 2781 videmus.

336 2804 444 2858 Pro
468 2821 853 2868 nxrm'msonn
879 2807 1257 2862 Lachmannus
1280 2824 1390 2862 non
1413 2808 1555 2864 bene
1579 2815 1773 2864 extant
1800 2827 1982 2879 usqae.

438 2897 541 2947 418
575 2909 701 2947 cum
726 2894 812 2947 ed.
839 2894 986 2949 Iunt.
1024 2898 1083 2949 et
1107 2894 1376 2949 Lambino
1412 2899 1542 2950 ante
1579 2897 1810 2951 videare
1846 2898 2040 2952 addidi

333 2983 415 3044 ut,
440 2977 591 3045 quod
627 2977 705 3031 ibi
740 2979 994 3034 facillime
1030 2978 1285 3034 excidere
1309 2981 1515 3050 potuit.
1588 2981 1789 3035 deinde
1812 2988 1914 3036 419
1937 2999 2040 3051 pro

333 3078 603 3133 oonrom,
622 3064 773 3135 quod
794 3070 958 3122 nocet
975 3067 1293 3135 sententiae,
1317 3074 1496 3123 cetera
1510 3089 1535 3133 ,·
1562 3071 1621 3122 et
1644 3070 1745 3137 pro
1777 3083 2038 3122 mmm:

333 3149 524 3218 scripsi
560 3151 840 3205 mirando.
912 3169 1026 3206 rem
1058 3169 1163 3205 non
1208 3152 1480 3206 intellexit
1513 3151 1887 3206 Lachmannus
1924 3150 2034 3217 qui,

294 1068 319 1096 Ο
