2259 3442
1174 111 1201 166 1
1965 107 2041 170 25

333 218 573 273 carmine
610 218 789 272 Pierio
824 218 1091 272 rationem
1127 233 1401 285 exponere
1438 214 1678 272 nostram

334 299 395 350 et
431 295 587 363 quasi
622 310 845 349 musaeo
881 294 1028 348 dulci
1063 293 1381 362 contingere
1416 294 1590 361 melle,

335 372 381 426 si
417 371 520 426 tibi
557 372 699 425 sorte
732 372 973 425 animum
1007 371 1107 425 tali
1142 370 1355 424 ratione
1390 374 1581 424 tenere

333 449 582 503 versibus
617 448 674 501 in
709 448 912 502 nostris
945 464 1178 517 possem,
1217 448 1349 502 dum
1384 448 1650 518 perspicis
1685 464 1902 504 omnem

331 528 586 579 naturam
621 542 805 579 rerum
841 541 951 593 qua
985 527 1202 578 constet
1239 527 1455 594 compta
1490 524 1677 592 figura.
1969 541 2052 580 960-

404 601 517 656 Sed
552 602 808 670 quoniam
844 602 1003 655 docui
1039 600 1365 655 solidissima
1398 602 1649 655 materiai
2013 616 2017 620 ⁴

331 694 562 747 corpora
595 683 861 748 perpetuo
898 679 1126 732 volitare
1159 677 1363 731 invicta
1397 693 1499 747 per
1532 694 1740 746 aevom,

331 770 476 808 1111110
512 771 629 823 age,
665 754 895 808 summai
931 754 1205 823 quaedam
1241 754 1315 807 sit
1348 753 1473 807 finis
1509 771 1695 808 eorum

331 846 501 884 necne
537 832 624 900 sit,
661 831 969 886 evolvamus
980 844 999 894 ‘3
1035 832 1169 884 item
1207 830 1358 901 quod
1393 829 1553 886 inane
1589 834 1926 902 repertumst

332 922 427 959 8011
452 907 601 961 100118
624 924 688 962 ac
711 908 963 976 spatium,
989 924 1079 960 res
1102 904 1161 960 in
1187 923 1294 976 quo
1320 924 1571 976 quaeque
1592 913 1867 976 gerantur,
1967 922 2041 961 9³5

330 984 709 1051 pervideamus
743 989 930 1037 utrum
969 984 1184 1037 finitum
1222 984 1468 1038 funditus
1504 1000 1663 1037 omne

330 1062 544 1113 constet
577 1076 649 1112 an
682 1059 1007 1113 immensum
1043 1062 1235 1129 pateat
1269 1062 1533 1127 vasteque
1568 1060 1912 1129 profundum.

257 1132 316 1209 ᾗ
401 1133 579 1188 Omne
614 1135 765 1205 quod
800 1138 886 1189 est
919 1136 1091 1204 igitur
1125 1135 1275 1188 nulla
1309 1134 1530 1202 regione
1565 1137 1775 1190 viarum

330 1210 631 1278 finitumst3
664 1228 900 1279 namque
935 1215 1244 1265 extremum
1281 1210 1524 1265 debebat
1560 1211 1777 1266 habere.

331 1291 640 1342 extremum
677 1303 842 1358 porro
877 1287 1074 1341 nullius
1109 1304 1268 1354 posse
1305 1287 1527 1342 videtur
1967 1304 2044 1344 960

330 1381 464 1431 esse,
498 1364 603 1418 nisi
637 1365 784 1418 ultra
820 1365 892 1418 sit
928 1364 1077 1433 quod
1111 1365 1295 1430 finiat3
1329 1368 1394 1418 ut
1429 1364 1682 1420 videatur

310 1457 438 1510 quo
474 1458 583 1495 non
618 1441 828 1510 longius
864 1441 999 1495 haec
1035 1457 1225 1494 sensus
1262 1446 1460 1494 natura
1495 1446 1772 1511 sequatur.

329 1534 470 1571 nunc
506 1521 666 1573 extra
701 1534 968 1572 summam
1006 1517 1259 1585 quoniam
1300 1518 1377 1571 nil
1414 1535 1533 1572 esse
1567 1519 1869 1589 fatendum,

328 1611 437 1648 11011
472 1595 642 1649 habet
679 1598 1003 1659 extremum,
1039 1599 1192 1648 caret
1228 1611 1360 1662 ergo
1394 1595 1505 1649 fine
1542 1595 1829 1665 modoque.

328 1687 430 1724 nec
463 1671 638 1725 refert
673 1671 872 1740 quibus
908 1670 1143 1724 adsistas
1179 1671 1494 1738 regionibus
1530 1672 1677 1737 eius;
1967 1689 2041 1728 965

327 1763 501 1815 usque
536 1747 691 1815 ade0‚
727 1764 891 1815 quem
930 1747 1164 1815 quisquo
1198 1747 1378 1801 locum
1414 1748 1676 1817 possedit,
1712 1749 1771 1802 in
1806 1749 1982 1803 omnis

327 1822 657 1877 tantundem
682 1823 867 1910 ‘partis
901 1822 1178 1876 infinitum
1214 1839 1373 1876 omne
1408 1824 1688 1891 relinquit.

327 1902 616 1966 praeterea
651 1899 696 1950 si
731 1898 840 1951 iam
877 1899 1094 1951 finitum
1129 1898 1496 1951 constituatur

328 1991 489 2028 omne
524 1974 671 2044 quod
707 1977 792 2027 cst
829 1973 1082 2042 spatium,
1119 1974 1289 2042 siquis
1324 1979 1612 2042 procurrat
1647 1976 1720 2030 ad
1754 1993 1878 2031 oras

326 2049 554 2103 ultimus
589 2053 866 2104 extremas
900 2044 1177 2119 iaciatque
1212 2050 1434 2104 volatile
1470 2051 1658 2121 telum,
1966 2068 2041 2109 970

324 2126 386 2180 id
422 2126 617 2180 validis
654 2129 839 2180 utrum
878 2129 1189 2180 contortum
1226 2126 1430 2181 viribus
1464 2127 1546 2181 ire

327 2220 435 2271 quo
470 2203 636 2259 suerit
671 2202 896 2256 missum
931 2203 1103 2256 mavis
1139 2203 1411 2273 longeque
1444 2205 1643 2273 volare,

324 2296 396 2333 an
431 2280 725 2349 prohibere
759 2279 969 2349 aliquid
1005 2296 1194 2334 censes
1230 2280 1562 2351 obstareque
1595 2283 1791 2350 posse?

325 2355 654 2410 alterutrum
691 2356 914 2411 fatearis
949 2356 1093 2410 enim
1130 2374 1423 2426 sumasque
1458 2362 1748 2414 necessest.

325 2449 559 2500 quorum
582 2435 881 2502 utrumque
904 2432 1011 2486 tibi
1037 2433 1302 2501 effugium
1327 2436 1637 2504 praecludit
1662 2439 1721 2491 et
1746 2451 1905 2490 omne
1963 2450 2035 2492 97⁵

324 2508 471 2576 cogit
505 2512 569 2561 ut
605 2512 859 2576 exempta
896 2509 1162 2563 concedas
1197 2511 1307 2564 fine
1343 2515 1549 2580 patere.

325 2600 451 2637 nam
488 2583 602 2638 sive
638 2586 724 2637 est
759 2583 954 2651 aliquit
990 2586 1139 2653 quod
1174 2587 1407 2653 probeat
1442 2587 1750 2655 officiat-que

325 2659 602 2728 quominu’
639 2676 747 2728 quo
783 2661 1006 2714 missum
1043 2665 1131 2715 est
1166 2662 1351 2717 veniat
1387 2664 1592 2732 finique
1628 2664 1772 2719 locet
1808 2681 1882 2743 se,

324 2736 438 2791 sive
475 2737 620 2790 foras
652 2737 846 2803 fertur,
882 2752 989 2789 non
1026 2738 1112 2792 est
1147 2755 1181 2790 a
1215 2739 1323 2792 fine
1359 2740 1680 2807 profectum.

325 2812 426 2866 hoc
460 2818 620 2882 pacto
658 2829 858 2881 sequar
892 2815 1075 2881 atque,
1113 2829 1237 2868 oras
1271 2815 1597 2890 ubicumque
1632 2816 1825 2871 locaris
1962 2834 2036 2872 980

324 2893 614 2957 extremas,
650 2905 910 2958 quaeram
946 2888 1081 2958 quid
1116 2888 1231 2943 telo
1266 2889 1502 2960 denique
1538 2892 1647 2946 fiat.

323 2965 422 3019 fict
456 2966 539 3018 uti
575 2980 843 3034 nusquam
879 2964 1054 3033 possit
1087 2965 1390 3021 consistere
1422 2968 1545 3022 finis

322 3029 692 3110 effugiumque
724 3041 888 3108 fugae
923 3040 1162 3109 prolatet
1196 3044 1351 3113 copia
1385 3061 1613 3113 semper.

395 3116 690 3171 Praeterea
724 3117 962 3184 spatium
997 3119 1230 3173 summai
1264 3119 1438 3175 totius
1472 3137 1632 3174 omne

323 3191 568 3302 igndique
602 3192 647 3246 si
682 3192 948 3245 inclusum
986 3196 1154 3250 certis
1188 3197 1514 3252 consisteret
1549 3198 1660 3251 oris
1961 3210 2034 3248 ass

227 360 233 391 1

230 410 235 427 a
