<?xml version="1.0" encoding="UTF-8"?>
<!DOCTYPE html PUBLIC "-//W3C//DTD XHTML 1.0 Transitional//EN"
    "http://www.w3.org/TR/xhtml1/DTD/xhtml1-transitional.dtd">
<html xmlns="http://www.w3.org/1999/xhtml" xml:lang="en" lang="en">
 <head>
  <title>
</title>
<meta http-equiv="Content-Type" content="text/html;charset=utf-8" />
  <meta name='ocr-system' content='tesseract 3.04.00' />
  <meta name='ocr-capabilities' content='ocr_page ocr_carea ocr_par ocr_line ocrx_word'/>
</head>
<body>
  <div class='ocr_page' id='page_1' title='image "./tlucreticarider03unkngoog_0185.png"; bbox 0 0 2259 3442; ppageno 0'>
   <div class='ocr_carea' id='block_1_1' title="bbox 1141 104 2021 165">
    <p class='ocr_par' dir='ltr' id='par_1_1' title="bbox 1141 104 2021 165">
     <span class='ocr_line' id='line_1_1' title="bbox 1141 104 2021 165; baseline 0.003 -4"><span class='ocrx_word' id='word_1_1' title='bbox 1141 104 1203 161; x_wconf 93' lang='lat' dir='ltr'><strong>V</strong></span> <span class='ocrx_word' id='word_1_2' title='bbox 1914 108 2021 165; x_wconf 86' lang='lat'><strong>141</strong></span> 
     </span>
    </p>
   </div>
   <div class='ocr_carea' id='block_1_2' title="bbox 310 208 2111 3246">
    <p class='ocr_par' dir='ltr' id='par_1_2' title="bbox 319 208 1880 281">
     <span class='ocr_line' id='line_1_2' title="bbox 319 208 1880 281; baseline 0.003 -18"><span class='ocrx_word' id='word_1_3' title='bbox 319 208 721 280; x_wconf 83' lang='lat' dir='ltr'>quadripedum</span> <span class='ocrx_word' id='word_1_4' title='bbox 755 209 1018 265; x_wconf 88' lang='lat' dir='ltr'><strong>membris</strong></span> <span class='ocrx_word' id='word_1_5' title='bbox 1053 212 1113 264; x_wconf 91' lang='lat' dir='ltr'><strong>et</strong></span> <span class='ocrx_word' id='word_1_6' title='bbox 1147 224 1377 280; x_wconf 89' lang='lat' dir='ltr'><strong>corpore</strong></span> <span class='ocrx_word' id='word_1_7' title='bbox 1410 212 1880 281; x_wconf 75' lang='lat' dir='ltr'><strong>pennipotentum,</strong></span> 
     </span>
    </p>

    <p class='ocr_par' dir='ltr' id='par_1_3' title="bbox 319 285 2029 358">
     <span class='ocr_line' id='line_1_3' title="bbox 319 285 2029 358; baseline 0.003 -18"><span class='ocrx_word' id='word_1_8' title='bbox 319 287 398 342; x_wconf 89' lang='lat' dir='ltr'><strong>sic</strong></span> <span class='ocrx_word' id='word_1_9' title='bbox 430 303 571 340; x_wconf 85' lang='lat' dir='ltr'><strong>nova</strong></span> <span class='ocrx_word' id='word_1_10' title='bbox 605 289 726 345; x_wconf 82' lang='lat' dir='ltr'><strong>tum</strong></span> <span class='ocrx_word' id='word_1_11' title='bbox 761 285 926 340; x_wconf 90' lang='lat' dir='ltr'><strong>tellus</strong></span> <span class='ocrx_word' id='word_1_12' title='bbox 961 286 1160 342; x_wconf 81' lang='lat' dir='ltr'><strong>herbas</strong></span> <span class='ocrx_word' id='word_1_13' title='bbox 1192 287 1539 357; x_wconf 78' lang='lat' dir='ltr'><strong>virgultaque</strong></span> <span class='ocrx_word' id='word_1_14' title='bbox 1573 290 1809 358; x_wconf 88' lang='lat' dir='ltr'><strong>primum</strong></span> <span class='ocrx_word' id='word_1_15' title='bbox 1900 315 1905 319; x_wconf 90' lang='grc'><em>·</em></span> <span class='ocrx_word' id='word_1_16' title='bbox 1953 304 2029 347; x_wconf 78' lang='lat'><strong>700</strong></span> 
     </span>
    </p>

    <p class='ocr_par' dir='ltr' id='par_1_4' title="bbox 320 362 1606 433">
     <span class='ocr_line' id='line_1_4' title="bbox 320 362 1606 433; baseline 0.002 -16"><span class='ocrx_word' id='word_1_17' title='bbox 320 365 555 433; x_wconf 78' lang='lat' dir='ltr'><strong>sustulit,</strong></span> <span class='ocrx_word' id='word_1_18' title='bbox 593 363 722 416; x_wconf 88' lang='lat' dir='ltr'><strong>inde</strong></span> <span class='ocrx_word' id='word_1_19' title='bbox 757 362 861 416; x_wconf 90' lang='lat' dir='ltr'><strong>loci</strong></span> <span class='ocrx_word' id='word_1_20' title='bbox 897 364 1151 417; x_wconf 84' lang='lat' dir='ltr'><strong>mortalia</strong></span> <span class='ocrx_word' id='word_1_21' title='bbox 1185 364 1366 418; x_wconf 85' lang='lat' dir='ltr'><strong>saecla</strong></span> <span class='ocrx_word' id='word_1_22' title='bbox 1400 365 1606 420; x_wconf 68' lang='lat' dir='ltr'><strong>‹21--eaxit</strong></span> 
     </span>
    </p>

    <p class='ocr_par' dir='ltr' id='par_1_5' title="bbox 317 440 1602 497">
     <span class='ocr_line' id='line_1_5' title="bbox 317 440 1602 497; baseline 0 -2"><span class='ocrx_word' id='word_1_23' title='bbox 317 442 491 496; x_wconf 87' lang='lat' dir='ltr'><strong>multa</strong></span> <span class='ocrx_word' id='word_1_24' title='bbox 525 440 702 495; x_wconf 85' lang='lat' dir='ltr'><strong>modis</strong></span> <span class='ocrx_word' id='word_1_25' title='bbox 738 440 925 494; x_wconf 85' lang='lat' dir='ltr'><strong>multis</strong></span> <span class='ocrx_word' id='word_1_26' title='bbox 961 440 1112 494; x_wconf 84' lang='lat' dir='ltr'><strong>varia</strong></span> <span class='ocrx_word' id='word_1_27' title='bbox 1147 441 1362 495; x_wconf 89' lang='lat' dir='ltr'><strong>ratione</strong></span> <span class='ocrx_word' id='word_1_28' title='bbox 1397 445 1602 497; x_wconf 88' lang='lat' dir='ltr'><strong>coorta.</strong></span> 
     </span>
    </p>

    <p class='ocr_par' dir='ltr' id='par_1_6' title="bbox 316 494 2099 588">
     <span class='ocr_line' id='line_1_6' title="bbox 316 494 2099 588; baseline 0.001 -16"><span class='ocrx_word' id='word_1_29' title='bbox 316 535 444 572; x_wconf 90' lang='lat' dir='ltr'><strong>nam</strong></span> <span class='ocrx_word' id='word_1_30' title='bbox 477 534 657 587; x_wconf 88' lang='lat' dir='ltr'><strong>neque</strong></span> <span class='ocrx_word' id='word_1_31' title='bbox 694 517 766 571; x_wconf 89' lang='lat' dir='ltr'><strong>de</strong></span> <span class='ocrx_word' id='word_1_32' title='bbox 800 517 950 572; x_wconf 88' lang='lat' dir='ltr'><strong>caelo</strong></span> <span class='ocrx_word' id='word_1_33' title='bbox 986 517 1250 572; x_wconf 86' lang='lat' dir='ltr'><strong>cecidisse</strong></span> <span class='ocrx_word' id='word_1_34' title='bbox 1284 517 1540 571; x_wconf 83' lang='lat' dir='ltr'><strong>animalia</strong></span> <span class='ocrx_word' id='word_1_35' title='bbox 1572 523 1802 588; x_wconf 77' lang='lat' dir='ltr'><strong>possunt</strong></span> <span class='ocrx_word' id='word_1_36' title='bbox 1834 494 1918 574; x_wconf 58' lang='lat' dir='ltr'><strong>‘Q</strong></span> <span class='ocrx_word' id='word_1_37' title='bbox 1942 507 2099 567; x_wconf 53' lang='lat' dir='ltr'><strong>XLI-‘L&#39;</strong></span> 
     </span>
    </p>

    <p class='ocr_par' dir='ltr' id='par_1_7' title="bbox 314 593 1507 649">
     <span class='ocr_line' id='line_1_7' title="bbox 314 593 1507 649; baseline -0.001 0"><span class='ocrx_word' id='word_1_38' title='bbox 314 612 417 649; x_wconf 91' lang='lat' dir='ltr'><strong>nec</strong></span> <span class='ocrx_word' id='word_1_39' title='bbox 451 594 739 649; x_wconf 83' lang='lat' dir='ltr'><strong>terrestria</strong></span> <span class='ocrx_word' id='word_1_40' title='bbox 773 594 845 648; x_wconf 89' lang='lat' dir='ltr'><strong>de</strong></span> <span class='ocrx_word' id='word_1_41' title='bbox 882 594 1035 648; x_wconf 81' lang='lat' dir='ltr'>salsis</span> <span class='ocrx_word' id='word_1_42' title='bbox 1070 594 1252 648; x_wconf 85' lang='lat' dir='ltr'><strong>exisse</strong></span> <span class='ocrx_word' id='word_1_43' title='bbox 1285 593 1507 648; x_wconf 86' lang='lat' dir='ltr'><strong>lacunis.</strong></span> 
     </span>
    </p>

    <p class='ocr_par' dir='ltr' id='par_1_8' title="bbox 314 671 1972 742">
     <span class='ocr_line' id='line_1_8' title="bbox 314 671 1972 742; baseline 0.001 -16"><span class='ocrx_word' id='word_1_44' title='bbox 314 672 583 742; x_wconf 85' lang='lat' dir='ltr'><strong>linquitur</strong></span> <span class='ocrx_word' id='word_1_45' title='bbox 617 675 682 725; x_wconf 92' lang='lat' dir='ltr'><strong>ut</strong></span> <span class='ocrx_word' id='word_1_46' title='bbox 717 671 916 725; x_wconf 88' lang='lat' dir='ltr'><strong>merito</strong></span> <span class='ocrx_word' id='word_1_47' title='bbox 950 674 1259 724; x_wconf 88' lang='lat' dir='ltr'><strong>maternum</strong></span> <span class='ocrx_word' id='word_1_48' title='bbox 1293 688 1489 725; x_wconf 89' lang='lat' dir='ltr'><strong>nomen</strong></span> <span class='ocrx_word' id='word_1_49' title='bbox 1524 672 1730 740; x_wconf 85' lang='lat' dir='ltr'><strong>adepta</strong></span> <span class='ocrx_word' id='word_1_50' title='bbox 1956 702 1972 728; x_wconf 70' lang='grc' dir='ltr'><strong><em>ι</em></strong></span> 
     </span>
    </p>

    <p class='ocr_par' dir='ltr' id='par_1_9' title="bbox 316 747 2097 880">
     <span class='ocr_line' id='line_1_9' title="bbox 316 747 2097 880; baseline 0.001 -77"><span class='ocrx_word' id='word_1_51' title='bbox 316 751 468 803; x_wconf 86' lang='lat' dir='ltr'><strong>terra</strong></span> <span class='ocrx_word' id='word_1_52' title='bbox 503 749 589 816; x_wconf 91' lang='lat' dir='ltr'><strong>sit,</strong></span> <span class='ocrx_word' id='word_1_53' title='bbox 626 766 658 803; x_wconf 92' lang='lat' dir='ltr'><strong>e</strong></span> <span class='ocrx_word' id='word_1_54' title='bbox 693 751 846 801; x_wconf 87' lang='lat' dir='ltr'><strong>terra</strong></span> <span class='ocrx_word' id='word_1_55' title='bbox 880 747 1137 816; x_wconf 88' lang='lat' dir='ltr'><strong>quoniam</strong></span> <span class='ocrx_word' id='word_1_56' title='bbox 1175 751 1305 802; x_wconf 89' lang='lat' dir='ltr'><strong>sunt</strong></span> <span class='ocrx_word' id='word_1_57' title='bbox 1339 751 1539 803; x_wconf 85' lang='lat' dir='ltr'><strong>cuncta.</strong></span> <span class='ocrx_word' id='word_1_58' title='bbox 1573 753 1770 805; x_wconf 86' lang='lat' dir='ltr'><strong>creata.</strong></span> <span class='ocrx_word' id='word_1_59' title='bbox 1788 749 1869 822; x_wconf 68' lang='grc' dir='ltr'>Π</span> <span class='ocrx_word' id='word_1_60' title='bbox 1910 761 1973 880; x_wconf 53' lang='grc' dir='ltr'><strong>Ρ)</strong></span> <span class='ocrx_word' id='word_1_61' title='bbox 1988 759 2097 845; x_wconf 38' lang='lat' dir='ltr'><strong>*sq</strong></span> 
     </span>
    </p>

    <p class='ocr_par' dir='ltr' id='par_1_10' title="bbox 315 823 2111 894">
     <span class='ocr_line' id='line_1_10' title="bbox 315 823 2111 894; baseline 0.001 -16"><span class='ocrx_word' id='word_1_62' title='bbox 315 825 598 894; x_wconf 89' lang='lat' dir='ltr'><strong>multaque</strong></span> <span class='ocrx_word' id='word_1_63' title='bbox 630 841 773 878; x_wconf 90' lang='lat' dir='ltr'><strong>nunc</strong></span> <span class='ocrx_word' id='word_1_64' title='bbox 809 824 975 878; x_wconf 87' lang='lat' dir='ltr'><strong>etiam</strong></span> <span class='ocrx_word' id='word_1_65' title='bbox 1011 823 1259 879; x_wconf 85' lang='lat' dir='ltr'><strong>existunt</strong></span> <span class='ocrx_word' id='word_1_66' title='bbox 1293 825 1547 880; x_wconf 82' lang='lat' dir='ltr'><strong>animalia</strong></span> <span class='ocrx_word' id='word_1_67' title='bbox 1581 826 1748 880; x_wconf 86' lang='lat' dir='ltr'><strong>terris</strong></span> <span class='ocrx_word' id='word_1_68' title='bbox 2104 833 2111 846; x_wconf 88' lang='lat'><em>&#39;</em></span> 
     </span>
    </p>

    <p class='ocr_par' dir='ltr' id='par_1_11' title="bbox 315 899 1606 970">
     <span class='ocr_line' id='line_1_11' title="bbox 315 899 1606 970; baseline 0.002 -17"><span class='ocrx_word' id='word_1_69' title='bbox 315 901 582 955; x_wconf 86' lang='lat' dir='ltr'><strong>imbribus</strong></span> <span class='ocrx_word' id='word_1_70' title='bbox 618 904 677 954; x_wconf 91' lang='lat' dir='ltr'><strong>et</strong></span> <span class='ocrx_word' id='word_1_71' title='bbox 712 899 889 955; x_wconf 89' lang='lat' dir='ltr'><strong>calido</strong></span> <span class='ocrx_word' id='word_1_72' title='bbox 925 900 1054 954; x_wconf 88' lang='lat' dir='ltr'><strong>solis</strong></span> <span class='ocrx_word' id='word_1_73' title='bbox 1090 905 1345 955; x_wconf 88' lang='lat' dir='ltr'><strong>concreta</strong></span> <span class='ocrx_word' id='word_1_74' title='bbox 1379 918 1606 970; x_wconf 86' lang='lat' dir='ltr'><strong>vapore;</strong></span> 
     </span>
    </p>

    <p class='ocr_par' dir='ltr' id='par_1_12' title="bbox 315 976 1816 1046">
     <span class='ocr_line' id='line_1_12' title="bbox 315 976 1816 1046; baseline 0.001 -15"><span class='ocrx_word' id='word_1_75' title='bbox 315 994 423 1046; x_wconf 90' lang='lat' dir='ltr'><strong>quo</strong></span> <span class='ocrx_word' id='word_1_76' title='bbox 458 978 636 1030; x_wconf 87' lang='lat' dir='ltr'><strong>minus</strong></span> <span class='ocrx_word' id='word_1_77' title='bbox 672 980 760 1030; x_wconf 89' lang='lat' dir='ltr'><strong>est</strong></span> <span class='ocrx_word' id='word_1_78' title='bbox 795 976 994 1029; x_wconf 88' lang='lat' dir='ltr'><strong>mirum</strong></span> <span class='ocrx_word' id='word_1_79' title='bbox 1030 976 1076 1029; x_wconf 91' lang='lat' dir='ltr'><strong>si</strong></span> <span class='ocrx_word' id='word_1_80' title='bbox 1113 980 1236 1030; x_wconf 88' lang='lat' dir='ltr'><strong>tum</strong></span> <span class='ocrx_word' id='word_1_81' title='bbox 1272 981 1400 1031; x_wconf 90' lang='lat' dir='ltr'><strong>sunt</strong></span> <span class='ocrx_word' id='word_1_82' title='bbox 1434 978 1592 1045; x_wconf 88' lang='lat' dir='ltr'><strong>plura</strong></span> <span class='ocrx_word' id='word_1_83' title='bbox 1628 982 1816 1033; x_wconf 84' lang='lat' dir='ltr'><strong>coorta.</strong></span> 
     </span>
    </p>

    <p class='ocr_par' dir='ltr' id='par_1_13' title="bbox 315 1052 2025 1121">
     <span class='ocr_line' id='line_1_13' title="bbox 315 1052 2025 1121; baseline 0.002 -14"><span class='ocrx_word' id='word_1_84' title='bbox 315 1057 375 1107; x_wconf 90' lang='lat' dir='ltr'><strong>et</strong></span> <span class='ocrx_word' id='word_1_85' title='bbox 409 1054 627 1120; x_wconf 84' lang='lat' dir='ltr'><strong>maiora,</strong></span> <span class='ocrx_word' id='word_1_86' title='bbox 663 1068 805 1105; x_wconf 85' lang='lat' dir='ltr'><strong>nova</strong></span> <span class='ocrx_word' id='word_1_87' title='bbox 838 1052 1038 1106; x_wconf 88' lang='lat' dir='ltr'><strong>tellure</strong></span> <span class='ocrx_word' id='word_1_88' title='bbox 1073 1056 1244 1121; x_wconf 86' lang='lat' dir='ltr'><strong>atque</strong></span> <span class='ocrx_word' id='word_1_89' title='bbox 1277 1054 1502 1107; x_wconf 82' lang='lat' dir='ltr'><strong>aethere</strong></span> <span class='ocrx_word' id='word_1_90' title='bbox 1538 1054 1742 1108; x_wconf 85' lang='lat' dir='ltr'><strong>adulta.</strong></span> <span class='ocrx_word' id='word_1_91' title='bbox 1948 1070 2025 1110; x_wconf 81' lang='lat' dir='ltr'><strong>eoo</strong></span> 
     </span>
    </p>

    <p class='ocr_par' dir='ltr' id='par_1_14' title="bbox 313 1128 1661 1198">
     <span class='ocr_line' id='line_1_14' title="bbox 313 1128 1661 1198; baseline 0.001 -16"><span class='ocrx_word' id='word_1_92' title='bbox 313 1130 578 1198; x_wconf 87' lang='lat' dir='ltr'><strong>principio</strong></span> <span class='ocrx_word' id='word_1_93' title='bbox 612 1144 787 1196; x_wconf 87' lang='lat' dir='ltr'><strong>genus</strong></span> <span class='ocrx_word' id='word_1_94' title='bbox 822 1128 1053 1182; x_wconf 77' lang='lat' dir='ltr'><strong>alituum</strong></span> <span class='ocrx_word' id='word_1_95' title='bbox 1088 1129 1381 1198; x_wconf 83' lang='lat' dir='ltr'><strong>variaeque</strong></span> <span class='ocrx_word' id='word_1_96' title='bbox 1413 1129 1661 1183; x_wconf 78' lang='lat' dir='ltr'><strong>volucres</strong></span> 
     </span>
    </p>

    <p class='ocr_par' dir='ltr' id='par_1_15' title="bbox 315 1203 1631 1274">
     <span class='ocr_line' id='line_1_15' title="bbox 315 1203 1631 1274; baseline -0.001 -14"><span class='ocrx_word' id='word_1_97' title='bbox 315 1222 418 1260; x_wconf 84' lang='lat' dir='ltr'><strong>ova</strong></span> <span class='ocrx_word' id='word_1_98' title='bbox 453 1203 836 1273; x_wconf 81' lang='lat' dir='ltr'><strong>relinquebant</strong></span> <span class='ocrx_word' id='word_1_99' title='bbox 871 1203 1126 1260; x_wconf 82' lang='lat' dir='ltr'><strong>exclusae</strong></span> <span class='ocrx_word' id='word_1_100' title='bbox 1161 1207 1412 1274; x_wconf 90' lang='lat' dir='ltr'><strong>tempore</strong></span> <span class='ocrx_word' id='word_1_101' title='bbox 1448 1221 1631 1273; x_wconf 82' lang='lat' dir='ltr'><strong>verne,</strong></span> 
     </span>
    </p>

    <p class='ocr_par' dir='ltr' id='par_1_16' title="bbox 313 1280 1898 1346">
     <span class='ocr_line' id='line_1_16' title="bbox 313 1280 1898 1346; baseline 0.003 -12"><span class='ocrx_word' id='word_1_102' title='bbox 313 1280 578 1334; x_wconf 86' lang='lat' dir='ltr'><strong>folliculos</strong></span> <span class='ocrx_word' id='word_1_103' title='bbox 612 1284 676 1334; x_wconf 91' lang='lat' dir='ltr'><strong>ut</strong></span> <span class='ocrx_word' id='word_1_104' title='bbox 710 1297 855 1334; x_wconf 89' lang='lat' dir='ltr'><strong>nunc</strong></span> <span class='ocrx_word' id='word_1_105' title='bbox 892 1281 1087 1335; x_wconf 88' lang='lat' dir='ltr'><strong>teretis</strong></span> <span class='ocrx_word' id='word_1_106' title='bbox 1121 1285 1332 1335; x_wconf 85' lang='lat' dir='ltr'><strong>aestate</strong></span> <span class='ocrx_word' id='word_1_107' title='bbox 1369 1282 1589 1336; x_wconf 83' lang='lat' dir='ltr'><strong>cicadae</strong></span> <span class='ocrx_word' id='word_1_108' title='bbox 1648 1290 1744 1343; x_wconf 65' lang='lat' dir='ltr'><strong>DL</strong></span> <span class='ocrx_word' id='word_1_109' title='bbox 1786 1286 1898 1346; x_wconf 49' lang='lat' dir='ltr'><strong>4·ss</strong></span> 
     </span>
    </p>

    <p class='ocr_par' dir='ltr' id='par_1_17' title="bbox 315 1357 1744 1428">
     <span class='ocr_line' id='line_1_17' title="bbox 315 1357 1744 1428; baseline 0.003 -18"><span class='ocrx_word' id='word_1_110' title='bbox 315 1357 525 1411; x_wconf 84' lang='lat' dir='ltr'><strong>lincunt</strong></span> <span class='ocrx_word' id='word_1_111' title='bbox 561 1361 757 1427; x_wconf 87' lang='lat' dir='ltr'><strong>sponte</strong></span> <span class='ocrx_word' id='word_1_112' title='bbox 793 1374 891 1411; x_wconf 83' lang='lat' dir='ltr'><strong>sua</strong></span> <span class='ocrx_word' id='word_1_113' title='bbox 925 1357 1129 1411; x_wconf 78' lang='lat' dir='ltr'><strong>victum</strong></span> <span class='ocrx_word' id='word_1_114' title='bbox 1165 1359 1440 1427; x_wconf 79' lang='lat' dir='ltr'><strong>vitamque</strong></span> <span class='ocrx_word' id='word_1_115' title='bbox 1475 1362 1744 1428; x_wconf 86' lang='lat' dir='ltr'><strong>petentes.</strong></span> 
     </span>
    </p>

    <p class='ocr_par' dir='ltr' id='par_1_18' title="bbox 316 1433 2025 1501">
     <span class='ocr_line' id='line_1_18' title="bbox 316 1433 2025 1501; baseline 0.003 -13"><span class='ocrx_word' id='word_1_116' title='bbox 316 1437 433 1488; x_wconf 88' lang='lat' dir='ltr'><strong>tum</strong></span> <span class='ocrx_word' id='word_1_117' title='bbox 470 1434 573 1488; x_wconf 92' lang='lat' dir='ltr'><strong>tibi</strong></span> <span class='ocrx_word' id='word_1_118' title='bbox 609 1437 761 1489; x_wconf 83' lang='lat' dir='ltr'><strong>terra</strong></span> <span class='ocrx_word' id='word_1_119' title='bbox 797 1433 955 1488; x_wconf 85' lang='lat' dir='ltr'><strong>dedit</strong></span> <span class='ocrx_word' id='word_1_120' title='bbox 990 1435 1225 1501; x_wconf 77' lang='lat' dir='ltr'><strong>primum</strong></span> <span class='ocrx_word' id='word_1_121' title='bbox 1261 1435 1514 1488; x_wconf 87' lang='lat' dir='ltr'><strong>mortalia</strong></span> <span class='ocrx_word' id='word_1_122' title='bbox 1549 1437 1736 1490; x_wconf 88' lang='lat' dir='ltr'><strong>saecla..</strong></span> <span class='ocrx_word' id='word_1_123' title='bbox 1950 1454 2025 1493; x_wconf 82' lang='lat'><strong>805</strong></span> 
     </span>
    </p>

    <p class='ocr_par' dir='ltr' id='par_1_19' title="bbox 315 1511 1898 1580">
     <span class='ocr_line' id='line_1_19' title="bbox 315 1511 1898 1580; baseline 0.003 -17"><span class='ocrx_word' id='word_1_124' title='bbox 315 1512 521 1564; x_wconf 85' lang='lat' dir='ltr'><strong>multus</strong></span> <span class='ocrx_word' id='word_1_125' title='bbox 556 1512 701 1564; x_wconf 87' lang='lat' dir='ltr'><strong>enim</strong></span> <span class='ocrx_word' id='word_1_126' title='bbox 737 1511 887 1565; x_wconf 90' lang='lat' dir='ltr'><strong>calor</strong></span> <span class='ocrx_word' id='word_1_127' title='bbox 922 1513 1089 1580; x_wconf 87' lang='lat' dir='ltr'><strong>atque</strong></span> <span class='ocrx_word' id='word_1_128' title='bbox 1124 1528 1282 1565; x_wconf 89' lang='lat' dir='ltr'><strong>umor</strong></span> <span class='ocrx_word' id='word_1_129' title='bbox 1317 1512 1578 1580; x_wconf 69' lang='lat' dir='ltr'><strong>superabr·</strong></span> <span class='ocrx_word' id='word_1_130' title='bbox 1572 1516 1614 1565; x_wconf 94' lang='lat' dir='ltr'><strong>t</strong></span> <span class='ocrx_word' id='word_1_131' title='bbox 1648 1514 1707 1567; x_wconf 91' lang='lat' dir='ltr'><strong>in</strong></span> <span class='ocrx_word' id='word_1_132' title='bbox 1740 1515 1898 1569; x_wconf 80' lang='lat' dir='ltr'><strong>arvis.</strong></span> 
     </span>
    </p>

    <p class='ocr_par' dir='ltr' id='par_1_20' title="bbox 315 1587 1794 1683">
     <span class='ocr_line' id='line_1_20' title="bbox 315 1587 1794 1683; baseline 0.002 -43"><span class='ocrx_word' id='word_1_133' title='bbox 315 1587 417 1641; x_wconf 88' lang='lat' dir='ltr'><strong>hoc</strong></span> <span class='ocrx_word' id='word_1_134' title='bbox 451 1587 544 1641; x_wconf 90' lang='lat' dir='ltr'><strong>ubi</strong></span> <span class='ocrx_word' id='word_1_135' title='bbox 583 1604 836 1658; x_wconf 89' lang='lat' dir='ltr'><strong>quaeque</strong></span> <span class='ocrx_word' id='word_1_136' title='bbox 870 1587 975 1642; x_wconf 91' lang='lat' dir='ltr'><strong>loci</strong></span> <span class='ocrx_word' id='word_1_137' title='bbox 1010 1588 1163 1656; x_wconf 86' lang='lat' dir='ltr'><strong>regio</strong></span> <span class='ocrx_word' id='word_1_138' title='bbox 1199 1593 1504 1658; x_wconf 87' lang='lat' dir='ltr'><strong>opportuna</strong></span> <span class='ocrx_word' id='word_1_139' title='bbox 1542 1589 1794 1683; x_wconf 87' lang='lat' dir='ltr'><strong>dabatur,</strong></span> 
     </span>
    </p>

    <p class='ocr_par' dir='ltr' id='par_1_21' title="bbox 315 1664 1554 1734">
     <span class='ocr_line' id='line_1_21' title="bbox 315 1664 1554 1734; baseline 0.001 -17"><span class='ocrx_word' id='word_1_140' title='bbox 315 1664 635 1718; x_wconf 87' lang='lat' dir='ltr'><strong>crescebant</strong></span> <span class='ocrx_word' id='word_1_141' title='bbox 670 1665 817 1718; x_wconf 90' lang='lat' dir='ltr'><strong>uteri</strong></span> <span class='ocrx_word' id='word_1_142' title='bbox 852 1668 1058 1719; x_wconf 86' lang='lat' dir='ltr'><strong>terram</strong></span> <span class='ocrx_word' id='word_1_143' title='bbox 1093 1665 1371 1720; x_wconf 88' lang='lat' dir='ltr'><strong>radicibus</strong></span> <span class='ocrx_word' id='word_1_144' title='bbox 1407 1665 1554 1734; x_wconf 85' lang='lat' dir='ltr'><strong>apti3</strong></span> 
     </span>
    </p>

    <p class='ocr_par' dir='ltr' id='par_1_22' title="bbox 315 1740 1710 1812">
     <span class='ocr_line' id='line_1_22' title="bbox 315 1740 1710 1812; baseline 0.001 -19"><span class='ocrx_word' id='word_1_145' title='bbox 315 1755 453 1808; x_wconf 91' lang='lat' dir='ltr'><strong>quos</strong></span> <span class='ocrx_word' id='word_1_146' title='bbox 486 1740 578 1794; x_wconf 84' lang='lat' dir='ltr'><strong>ubi</strong></span> <span class='ocrx_word' id='word_1_147' title='bbox 615 1744 866 1809; x_wconf 87' lang='lat' dir='ltr'><strong>tempore</strong></span> <span class='ocrx_word' id='word_1_148' title='bbox 901 1745 1116 1795; x_wconf 86' lang='lat' dir='ltr'><strong>maturo</strong></span> <span class='ocrx_word' id='word_1_149' title='bbox 1152 1743 1489 1812; x_wconf 85' lang='lat' dir='ltr'><strong>patefecerat</strong></span> <span class='ocrx_word' id='word_1_150' title='bbox 1524 1745 1710 1796; x_wconf 84' lang='lat' dir='ltr'><strong>aestus</strong></span> 
     </span>
    </p>

    <p class='ocr_par' dir='ltr' id='par_1_23' title="bbox 313 1816 2022 1886">
     <span class='ocr_line' id='line_1_23' title="bbox 313 1816 2022 1886; baseline 0.003 -17"><span class='ocrx_word' id='word_1_151' title='bbox 313 1816 581 1869; x_wconf 86' lang='lat' dir='ltr'><strong>infantum</strong></span> <span class='ocrx_word' id='word_1_152' title='bbox 617 1817 835 1884; x_wconf 85' lang='lat' dir='ltr'><strong>fugiens</strong></span> <span class='ocrx_word' id='word_1_153' title='bbox 869 1834 1115 1871; x_wconf 88' lang='lat' dir='ltr'><strong>umorem</strong></span> <span class='ocrx_word' id='word_1_154' title='bbox 1152 1835 1419 1886; x_wconf 85' lang='lat' dir='ltr'><strong>aurasque</strong></span> <span class='ocrx_word' id='word_1_155' title='bbox 1455 1822 1753 1885; x_wconf 86' lang='lat' dir='ltr'><strong>petesscns,</strong></span> <span class='ocrx_word' id='word_1_156' title='bbox 1948 1835 2022 1875; x_wconf 77' lang='lat'><strong>810</strong></span> 
     </span>
    </p>

    <p class='ocr_par' dir='ltr' id='par_1_24' title="bbox 315 1892 1531 1947">
     <span class='ocr_line' id='line_1_24' title="bbox 315 1892 1531 1947; baseline 0.001 -2"><span class='ocrx_word' id='word_1_157' title='bbox 315 1892 670 1947; x_wconf 83' lang='lat' dir='ltr'><strong>convertebat</strong></span> <span class='ocrx_word' id='word_1_158' title='bbox 703 1893 780 1946; x_wconf 90' lang='lat' dir='ltr'><strong>ibi</strong></span> <span class='ocrx_word' id='word_1_159' title='bbox 816 1898 1015 1946; x_wconf 85' lang='lat' dir='ltr'><strong>natura</strong></span> <span class='ocrx_word' id='word_1_160' title='bbox 1050 1893 1312 1946; x_wconf 87' lang='lat' dir='ltr'><strong>foramina</strong></span> <span class='ocrx_word' id='word_1_161' title='bbox 1347 1897 1531 1947; x_wconf 85' lang='lat' dir='ltr'><strong>terrae</strong></span> 
     </span>
    </p>

    <p class='ocr_par' dir='ltr' id='par_1_25' title="bbox 314 1968 1556 2036">
     <span class='ocr_line' id='line_1_25' title="bbox 314 1968 1556 2036; baseline 0 -15"><span class='ocrx_word' id='word_1_162' title='bbox 314 1970 375 2021; x_wconf 91' lang='lat' dir='ltr'><strong>et</strong></span> <span class='ocrx_word' id='word_1_163' title='bbox 409 1984 598 2021; x_wconf 89' lang='lat' dir='ltr'><strong>sucum</strong></span> <span class='ocrx_word' id='word_1_164' title='bbox 633 1969 784 2022; x_wconf 83' lang='lat' dir='ltr'><strong>venis</strong></span> <span class='ocrx_word' id='word_1_165' title='bbox 820 1968 1050 2035; x_wconf 87' lang='lat' dir='ltr'><strong>cogebat</strong></span> <span class='ocrx_word' id='word_1_166' title='bbox 1084 1968 1316 2022; x_wconf 87' lang='lat' dir='ltr'><strong>fundere</strong></span> <span class='ocrx_word' id='word_1_167' title='bbox 1351 1969 1556 2036; x_wconf 85' lang='lat' dir='ltr'><strong>apertis</strong></span> 
     </span>
    </p>

    <p class='ocr_par' dir='ltr' id='par_1_26' title="bbox 313 2044 1734 2114">
     <span class='ocr_line' id='line_1_26' title="bbox 313 2044 1734 2114; baseline 0.002 -17"><span class='ocrx_word' id='word_1_168' title='bbox 313 2044 648 2097; x_wconf 89' lang='lat' dir='ltr'><strong>consimilem</strong></span> <span class='ocrx_word' id='word_1_169' title='bbox 683 2044 857 2110; x_wconf 88' lang='lat' dir='ltr'><strong>lactis,</strong></span> <span class='ocrx_word' id='word_1_170' title='bbox 895 2045 1034 2098; x_wconf 90' lang='lat' dir='ltr'><strong>sicut</strong></span> <span class='ocrx_word' id='word_1_171' title='bbox 1069 2062 1212 2098; x_wconf 89' lang='lat' dir='ltr'><strong>nunc</strong></span> <span class='ocrx_word' id='word_1_172' title='bbox 1247 2045 1450 2098; x_wconf 86' lang='lat' dir='ltr'><strong>femina</strong></span> <span class='ocrx_word' id='word_1_173' title='bbox 1484 2062 1734 2114; x_wconf 89' lang='lat' dir='ltr'><strong>quaeque</strong></span> 
     </span>
    </p>

    <p class='ocr_par' dir='ltr' id='par_1_27' title="bbox 313 2120 1739 2189">
     <span class='ocr_line' id='line_1_27' title="bbox 313 2120 1739 2189; baseline 0.001 -16"><span class='ocrx_word' id='word_1_174' title='bbox 313 2136 436 2173; x_wconf 88' lang='lat' dir='ltr'><strong>cum</strong></span> <span class='ocrx_word' id='word_1_175' title='bbox 471 2120 701 2188; x_wconf 83' lang='lat' dir='ltr'><strong>peperit,</strong></span> <span class='ocrx_word' id='word_1_176' title='bbox 737 2120 883 2173; x_wconf 88' lang='lat' dir='ltr'><strong>dulci</strong></span> <span class='ocrx_word' id='word_1_177' title='bbox 917 2121 1165 2189; x_wconf 87' lang='lat' dir='ltr'><strong>repletur</strong></span> <span class='ocrx_word' id='word_1_178' title='bbox 1199 2120 1359 2188; x_wconf 87' lang='lat' dir='ltr'><strong>lacte,</strong></span> <span class='ocrx_word' id='word_1_179' title='bbox 1382 2120 1530 2189; x_wconf 89' lang='lat' dir='ltr'><strong>quod</strong></span> <span class='ocrx_word' id='word_1_180' title='bbox 1566 2123 1739 2176; x_wconf 86' lang='lat' dir='ltr'><strong>omnis</strong></span> 
     </span>
    </p>

    <p class='ocr_par' dir='ltr' id='par_1_28' title="bbox 310 2195 2019 2265">
     <span class='ocr_line' id='line_1_28' title="bbox 310 2195 2019 2265; baseline 0.003 -16"><span class='ocrx_word' id='word_1_181' title='bbox 310 2197 550 2265; x_wconf 88' lang='lat' dir='ltr'><strong>impetus</strong></span> <span class='ocrx_word' id='word_1_182' title='bbox 586 2197 641 2249; x_wconf 89' lang='lat' dir='ltr'><strong>in</strong></span> <span class='ocrx_word' id='word_1_183' title='bbox 677 2213 941 2251; x_wconf 88' lang='lat' dir='ltr'><strong>mammas</strong></span> <span class='ocrx_word' id='word_1_184' title='bbox 975 2195 1316 2251; x_wconf 83' lang='lat' dir='ltr'><strong>convertitur</strong></span> <span class='ocrx_word' id='word_1_185' title='bbox 1349 2196 1442 2250; x_wconf 90' lang='lat' dir='ltr'><strong>ille</strong></span> <span class='ocrx_word' id='word_1_186' title='bbox 1478 2197 1734 2252; x_wconf 74' lang='lat' dir='ltr'><strong>alimenti,</strong></span> <span class='ocrx_word' id='word_1_187' title='bbox 1943 2214 2019 2254; x_wconf 84' lang='lat'><strong>815</strong></span> 
     </span>
    </p>

    <p class='ocr_par' dir='ltr' id='par_1_29' title="bbox 311 2273 1796 2343">
     <span class='ocr_line' id='line_1_29' title="bbox 311 2273 1796 2343; baseline 0.001 -16"><span class='ocrx_word' id='word_1_188' title='bbox 311 2275 463 2327; x_wconf 86' lang='lat' dir='ltr'><strong>terra</strong></span> <span class='ocrx_word' id='word_1_189' title='bbox 496 2273 677 2327; x_wconf 87' lang='lat' dir='ltr'><strong>cibum</strong></span> <span class='ocrx_word' id='word_1_190' title='bbox 711 2274 911 2342; x_wconf 90' lang='lat' dir='ltr'><strong>pueris,</strong></span> <span class='ocrx_word' id='word_1_191' title='bbox 946 2277 1157 2328; x_wconf 82' lang='lat' dir='ltr'><strong>vestem</strong></span> <span class='ocrx_word' id='word_1_192' title='bbox 1193 2290 1375 2343; x_wconf 87' lang='lat' dir='ltr'><strong>vapor,</strong></span> <span class='ocrx_word' id='word_1_193' title='bbox 1411 2273 1582 2327; x_wconf 84' lang='lat' dir='ltr'><strong>herba</strong></span> <span class='ocrx_word' id='word_1_194' title='bbox 1617 2274 1796 2329; x_wconf 90' lang='lat' dir='ltr'><strong>cubile</strong></span> 
     </span>
    </p>

    <p class='ocr_par' dir='ltr' id='par_1_30' title="bbox 311 2349 1720 2419">
     <span class='ocr_line' id='line_1_30' title="bbox 311 2349 1720 2419; baseline 0.003 -17"><span class='ocrx_word' id='word_1_195' title='bbox 311 2349 617 2417; x_wconf 88' lang='lat' dir='ltr'><strong>praebebat</strong></span> <span class='ocrx_word' id='word_1_196' title='bbox 650 2350 824 2403; x_wconf 89' lang='lat' dir='ltr'><strong>multa</strong></span> <span class='ocrx_word' id='word_1_197' title='bbox 858 2354 918 2405; x_wconf 91' lang='lat' dir='ltr'><strong>et</strong></span> <span class='ocrx_word' id='word_1_198' title='bbox 951 2350 1102 2405; x_wconf 88' lang='lat' dir='ltr'><strong>molli</strong></span> <span class='ocrx_word' id='word_1_199' title='bbox 1137 2352 1391 2419; x_wconf 84' lang='lat' dir='ltr'><strong>lanugine</strong></span> <span class='ocrx_word' id='word_1_200' title='bbox 1426 2350 1720 2406; x_wconf 84' lang='lat' dir='ltr'><strong>abundans.</strong></span> 
     </span>
    </p>

    <p class='ocr_par' dir='ltr' id='par_1_31' title="bbox 313 2425 1603 2495">
     <span class='ocr_line' id='line_1_31' title="bbox 313 2425 1603 2495; baseline 0.003 -18"><span class='ocrx_word' id='word_1_201' title='bbox 313 2427 372 2477; x_wconf 88' lang='lat' dir='ltr'><strong>at</strong></span> <span class='ocrx_word' id='word_1_202' title='bbox 406 2425 617 2478; x_wconf 84' lang='lat' dir='ltr'><strong>novitas</strong></span> <span class='ocrx_word' id='word_1_203' title='bbox 650 2426 841 2479; x_wconf 85' lang='lat' dir='ltr'><strong>mundi</strong></span> <span class='ocrx_word' id='word_1_204' title='bbox 873 2443 974 2481; x_wconf 88' lang='lat' dir='ltr'><strong>nec</strong></span> <span class='ocrx_word' id='word_1_205' title='bbox 1008 2426 1214 2495; x_wconf 86' lang='lat' dir='ltr'><strong>frigora</strong></span> <span class='ocrx_word' id='word_1_206' title='bbox 1248 2428 1388 2480; x_wconf 85' lang='lat' dir='ltr'><strong>dura</strong></span> <span class='ocrx_word' id='word_1_207' title='bbox 1421 2427 1603 2481; x_wconf 87' lang='lat' dir='ltr'><strong>ciebat</strong></span> 
     </span>
    </p>

    <p class='ocr_par' dir='ltr' id='par_1_32' title="bbox 312 2500 1698 2571">
     <span class='ocr_line' id='line_1_32' title="bbox 312 2500 1698 2571; baseline 0.003 -18"><span class='ocrx_word' id='word_1_208' title='bbox 312 2516 414 2554; x_wconf 90' lang='lat' dir='ltr'><strong>nec</strong></span> <span class='ocrx_word' id='word_1_209' title='bbox 448 2500 643 2554; x_wconf 90' lang='lat' dir='ltr'><strong>nimios</strong></span> <span class='ocrx_word' id='word_1_210' title='bbox 678 2505 863 2555; x_wconf 88' lang='lat' dir='ltr'><strong>aestus</strong></span> <span class='ocrx_word' id='word_1_211' title='bbox 896 2519 999 2557; x_wconf 90' lang='lat' dir='ltr'><strong>nec</strong></span> <span class='ocrx_word' id='word_1_212' title='bbox 1034 2503 1249 2571; x_wconf 85' lang='lat' dir='ltr'><strong>magnis</strong></span> <span class='ocrx_word' id='word_1_213' title='bbox 1282 2503 1490 2557; x_wconf 83' lang='lat' dir='ltr'><strong>viribus</strong></span> <span class='ocrx_word' id='word_1_214' title='bbox 1524 2520 1698 2557; x_wconf 63' lang='lat' dir='ltr'><strong>auras</strong></span> 
     </span>
    </p>

    <p class='ocr_par' dir='ltr' id='par_1_33' title="bbox 313 2577 2015 2724">
     <span class='ocr_line' id='line_1_33' title="bbox 313 2577 2015 2646; baseline 0.002 -15"><span class='ocrx_word' id='word_1_215' title='bbox 313 2577 496 2631; x_wconf 87' lang='lat' dir='ltr'><strong>omnia</strong></span> <span class='ocrx_word' id='word_1_216' title='bbox 530 2577 673 2631; x_wconf 87' lang='lat' dir='ltr'><strong>enim</strong></span> <span class='ocrx_word' id='word_1_217' title='bbox 707 2578 917 2646; x_wconf 85' lang='lat' dir='ltr'><strong>pariter</strong></span> <span class='ocrx_word' id='word_1_218' title='bbox 951 2584 1203 2633; x_wconf 89' lang='lat' dir='ltr'><strong>crescunt</strong></span> <span class='ocrx_word' id='word_1_219' title='bbox 1238 2584 1297 2634; x_wconf 89' lang='lat' dir='ltr'><strong>et</strong></span> <span class='ocrx_word' id='word_1_220' title='bbox 1331 2580 1531 2633; x_wconf 85' lang='lat' dir='ltr'><strong>robora</strong></span> <span class='ocrx_word' id='word_1_221' title='bbox 1566 2582 1799 2633; x_wconf 88' lang='lat' dir='ltr'><strong>sumunt.</strong></span> <span class='ocrx_word' id='word_1_222' title='bbox 1940 2595 2015 2635; x_wconf 78' lang='lat'><strong>82⁰</strong></span> 
     </span>
     <span class='ocr_line' id='line_1_34' title="bbox 386 2653 1992 2724; baseline 0.002 -18"><span class='ocrx_word' id='word_1_223' title='bbox 386 2654 570 2719; x_wconf 86' lang='lat' dir='ltr'><strong>Quare</strong></span> <span class='ocrx_word' id='word_1_224' title='bbox 604 2653 769 2708; x_wconf 87' lang='lat' dir='ltr'><strong>ctiam</strong></span> <span class='ocrx_word' id='word_1_225' title='bbox 806 2658 975 2724; x_wconf 89' lang='lat' dir='ltr'><strong>atque</strong></span> <span class='ocrx_word' id='word_1_226' title='bbox 1010 2656 1179 2710; x_wconf 86' lang='lat' dir='ltr'><strong>etiam</strong></span> <span class='ocrx_word' id='word_1_227' title='bbox 1214 2660 1520 2710; x_wconf 86' lang='lat' dir='ltr'><strong>maternum</strong></span> <span class='ocrx_word' id='word_1_228' title='bbox 1556 2672 1752 2709; x_wconf 86' lang='lat' dir='ltr'><strong>nomen</strong></span> <span class='ocrx_word' id='word_1_229' title='bbox 1788 2656 1992 2723; x_wconf 81' lang='lat' dir='ltr'><strong>adepta</strong></span> 
     </span>
    </p>

    <p class='ocr_par' dir='ltr' id='par_1_34' title="bbox 312 2732 1792 2801">
     <span class='ocr_line' id='line_1_35' title="bbox 312 2732 1792 2801; baseline 0 -16"><span class='ocrx_word' id='word_1_230' title='bbox 312 2733 465 2785; x_wconf 85' lang='lat' dir='ltr'><strong>terra</strong></span> <span class='ocrx_word' id='word_1_231' title='bbox 499 2734 653 2785; x_wconf 90' lang='lat' dir='ltr'><strong>tenet</strong></span> <span class='ocrx_word' id='word_1_232' title='bbox 686 2732 900 2800; x_wconf 83' lang='lat' dir='ltr'><strong>meritc,</strong></span> <span class='ocrx_word' id='word_1_233' title='bbox 935 2734 1190 2801; x_wconf 87' lang='lat' dir='ltr'><strong>quoniam</strong></span> <span class='ocrx_word' id='word_1_234' title='bbox 1225 2750 1398 2801; x_wconf 86' lang='lat' dir='ltr'><strong>genus</strong></span> <span class='ocrx_word' id='word_1_235' title='bbox 1432 2733 1551 2800; x_wconf 87' lang='lat' dir='ltr'><strong>ipsa</strong></span> <span class='ocrx_word' id='word_1_236' title='bbox 1586 2732 1792 2786; x_wconf 87' lang='lat' dir='ltr'><strong>creavit</strong></span> 
     </span>
    </p>

    <p class='ocr_par' dir='ltr' id='par_1_35' title="bbox 313 2807 1906 2880">
     <span class='ocr_line' id='line_1_36' title="bbox 313 2807 1906 2880; baseline 0.001 -20"><span class='ocrx_word' id='word_1_237' title='bbox 313 2807 608 2861; x_wconf 86' lang='lat' dir='ltr'><strong>humanum</strong></span> <span class='ocrx_word' id='word_1_238' title='bbox 645 2812 811 2878; x_wconf 88' lang='lat' dir='ltr'><strong>atque</strong></span> <span class='ocrx_word' id='word_1_239' title='bbox 848 2809 1046 2863; x_wconf 82' lang='lat' dir='ltr'><strong>animal</strong></span> <span class='ocrx_word' id='word_1_240' title='bbox 1080 2827 1253 2880; x_wconf 85' lang='lat' dir='ltr'><strong>prope</strong></span> <span class='ocrx_word' id='word_1_241' title='bbox 1289 2812 1440 2864; x_wconf 87' lang='lat' dir='ltr'><strong>certo</strong></span> <span class='ocrx_word' id='word_1_242' title='bbox 1475 2811 1724 2876; x_wconf 91' lang='lat' dir='ltr'><strong>tempore</strong></span> <span class='ocrx_word' id='word_1_243' title='bbox 1759 2808 1906 2862; x_wconf 88' lang='lat' dir='ltr'><strong>fudit</strong></span> 
     </span>
    </p>

    <p class='ocr_par' dir='ltr' id='par_1_36' title="bbox 313 2884 1873 2953">
     <span class='ocr_line' id='line_1_37' title="bbox 313 2884 1873 2953; baseline 0 -16"><span class='ocrx_word' id='word_1_244' title='bbox 313 2900 473 2938; x_wconf 88' lang='lat' dir='ltr'><strong>omne</strong></span> <span class='ocrx_word' id='word_1_245' title='bbox 508 2884 655 2953; x_wconf 87' lang='lat' dir='ltr'><strong>quod</strong></span> <span class='ocrx_word' id='word_1_246' title='bbox 687 2885 744 2938; x_wconf 91' lang='lat' dir='ltr'><strong>in</strong></span> <span class='ocrx_word' id='word_1_247' title='bbox 779 2887 990 2953; x_wconf 85' lang='lat' dir='ltr'><strong>magnis</strong></span> <span class='ocrx_word' id='word_1_248' title='bbox 1025 2885 1323 2940; x_wconf 87' lang='lat' dir='ltr'><strong>bacchatur</strong></span> <span class='ocrx_word' id='word_1_249' title='bbox 1357 2884 1618 2939; x_wconf 89' lang='lat' dir='ltr'><strong>montibu&#39;</strong></span> <span class='ocrx_word' id='word_1_250' title='bbox 1658 2885 1873 2953; x_wconf 86' lang='lat' dir='ltr'><strong>passim,</strong></span> 
     </span>
    </p>

    <p class='ocr_par' dir='ltr' id='par_1_37' title="bbox 313 2961 2014 3029">
     <span class='ocr_line' id='line_1_38' title="bbox 313 2961 2014 3029; baseline 0.001 -16"><span class='ocrx_word' id='word_1_251' title='bbox 313 2962 594 3029; x_wconf 84' lang='lat' dir='ltr'><strong>aeriasque</strong></span> <span class='ocrx_word' id='word_1_252' title='bbox 629 2961 789 3015; x_wconf 88' lang='lat' dir='ltr'><strong>simul</strong></span> <span class='ocrx_word' id='word_1_253' title='bbox 822 2962 1068 3016; x_wconf 82' lang='lat' dir='ltr'><strong>volucres</strong></span> <span class='ocrx_word' id='word_1_254' title='bbox 1102 2962 1424 3016; x_wconf 75' lang='lat' dir='ltr'><strong>variantibu&#39;</strong></span> <span class='ocrx_word' id='word_1_255' title='bbox 1459 2961 1662 3015; x_wconf 88' lang='lat' dir='ltr'><strong>formis.</strong></span> <span class='ocrx_word' id='word_1_256' title='bbox 1939 2975 2014 3015; x_wconf 79' lang='lat'><strong>825</strong></span> 
     </span>
    </p>

    <p class='ocr_par' dir='ltr' id='par_1_38' title="bbox 315 3037 1789 3108">
     <span class='ocr_line' id='line_1_39' title="bbox 315 3037 1789 3108; baseline 0.001 -18"><span class='ocrx_word' id='word_1_257' title='bbox 315 3038 415 3090; x_wconf 85' lang='lat' dir='ltr'><strong>scd</strong></span> <span class='ocrx_word' id='word_1_258' title='bbox 450 3038 576 3105; x_wconf 84' lang='lat' dir='ltr'><strong>quia</strong></span> <span class='ocrx_word' id='word_1_259' title='bbox 609 3038 775 3092; x_wconf 86' lang='lat' dir='ltr'><strong>finem</strong></span> <span class='ocrx_word' id='word_1_260' title='bbox 810 3039 1048 3108; x_wconf 88' lang='lat' dir='ltr'><strong>aliquam</strong></span> <span class='ocrx_word' id='word_1_261' title='bbox 1083 3038 1330 3108; x_wconf 86' lang='lat' dir='ltr'><strong>pariendi</strong></span> <span class='ocrx_word' id='word_1_262' title='bbox 1367 3038 1536 3091; x_wconf 90' lang='lat' dir='ltr'><strong>debet</strong></span> <span class='ocrx_word' id='word_1_263' title='bbox 1570 3037 1789 3105; x_wconf 89' lang='lat' dir='ltr'><strong>habere,</strong></span> 
     </span>
    </p>

    <p class='ocr_par' dir='ltr' id='par_1_39' title="bbox 316 3112 1609 3184">
     <span class='ocr_line' id='line_1_40' title="bbox 316 3112 1609 3184; baseline 0.002 -19"><span class='ocrx_word' id='word_1_264' title='bbox 316 3112 549 3181; x_wconf 85' lang='lat' dir='ltr'><strong>destitit,</strong></span> <span class='ocrx_word' id='word_1_265' title='bbox 584 3118 647 3167; x_wconf 87' lang='lat' dir='ltr'><strong>ut</strong></span> <span class='ocrx_word' id='word_1_266' title='bbox 681 3115 878 3169; x_wconf 89' lang='lat' dir='ltr'><strong>mulier</strong></span> <span class='ocrx_word' id='word_1_267' title='bbox 913 3116 1088 3184; x_wconf 89' lang='lat' dir='ltr'><strong>spatio</strong></span> <span class='ocrx_word' id='word_1_268' title='bbox 1125 3114 1342 3168; x_wconf 85' lang='lat' dir='ltr'><strong>defessa</strong></span> <span class='ocrx_word' id='word_1_269' title='bbox 1376 3118 1609 3168; x_wconf 75' lang='lat' dir='ltr'><strong>vetusto,</strong></span> 
     </span>
    </p>

    <p class='ocr_par' dir='ltr' id='par_1_40' title="bbox 315 3189 1578 3246">
     <span class='ocr_line' id='line_1_41' title="bbox 315 3189 1578 3246; baseline 0.002 -5"><span class='ocrx_word' id='word_1_270' title='bbox 315 3191 497 3242; x_wconf 89' lang='lat' dir='ltr'><strong>mutat</strong></span> <span class='ocrx_word' id='word_1_271' title='bbox 532 3189 673 3242; x_wconf 87' lang='lat' dir='ltr'><strong>onim</strong></span> <span class='ocrx_word' id='word_1_272' title='bbox 708 3192 897 3246; x_wconf 87' lang='lat' dir='ltr'><strong>mundi</strong></span> <span class='ocrx_word' id='word_1_273' title='bbox 931 3195 1185 3246; x_wconf 85' lang='lat' dir='ltr'><strong>naturam</strong></span> <span class='ocrx_word' id='word_1_274' title='bbox 1220 3190 1391 3245; x_wconf 87' lang='lat' dir='ltr'><strong>totius</strong></span> <span class='ocrx_word' id='word_1_275' title='bbox 1425 3192 1578 3244; x_wconf 81' lang='lat' dir='ltr'><strong>actas</strong></span> 
     </span>
    </p>
   </div>
  </div>
 </body>
</html>
