2259 3442
261 73 375 131 138
1090 70 1152 126 V

255 178 430 232 multa
462 175 713 232 videmus
746 175 909 245 enim,
943 178 1096 230 certo
1131 192 1272 245 quae
1307 180 1557 246 temporo
1592 176 1735 230 fiunt

255 253 504 308 omnibus
537 253 595 307 in
630 254 809 307 rebus.
846 253 1142 306 florescunt
1178 256 1426 322 tempore
1463 256 1615 307 certo

252 331 479 385 arbusta
513 334 572 385 et
606 334 756 384 certo
791 329 1077 382 dimittunt
1112 333 1363 397 tempore
1398 329 1604 383 florem.

254 423 355 461 nec
389 408 566 471 miuus
599 407 655 459 in
690 409 841 459 certo
878 405 1073 458 dentes
1110 406 1310 460 cadere
1345 406 1581 475 imperat
1615 408 1771 459 aetas

254 487 505 553 tempore
540 487 599 537 et
633 482 890 550 inpubem
926 482 1072 534 molli
1107 482 1406 551 pubescere
1440 486 1595 537 veste

254 565 316 616 et
349 562 557 630 pariter
592 561 810 614 mollem
846 560 1003 613 malis
1040 560 1335 614 demittere
1369 559 1609 614 barbam.

252 637 480 691 fulmina
513 641 790 704 postremo
826 636 921 689 nix
955 635 1161 689 imbres
1195 636 1380 690 nubila
1413 636 1565 690 venti

256 730 362 766 non
398 713 560 766 nimis
594 713 818 767 incertis
855 713 995 767 fiunt
1028 713 1085 765 in
1121 713 1372 781 partibus
1408 712 1550 766 ¹anni.

254 806 491 858 namque
523 788 618 843 ubi
656 790 731 843 sic
766 789 988 844 fuerunt
1024 806 1308 843 causarum
1344 788 1571 843 exordia
1604 787 1783 857 prima

256 869 424 936 atque
456 867 537 920 ita
571 883 662 921 res
695 866 884 919 mundi
920 866 1169 920 cecidere
1204 867 1275 920 ab
1311 866 1515 935 origine
1551 866 1742 934 prima,

256 948 527 1013 conseque
564 960 782 1013 quoque
818 944 927 997 iam
963 944 1201 997 redeunt
1236 960 1304 997 ex
1341 943 1533 996 ordine
1569 945 1732 995 certo.

331 1019 591 1074 Crescere
613 1021 859 1089 itemque
883 1018 1002 1073 dies
1027 1020 1156 1075 licet
1181 1028 1240 1073 et
1263 1019 1548 1073 tabescere
1571 1021 1773 1084 nocteS,

258 1098 317 1151 et
351 1096 519 1151 minui
554 1096 715 1162 luces,
752 1113 875 1150 cum
912 1100 1128 1149 sumant
1164 1096 1417 1163 augmina
1451 1099 1654 1162 noctae,

256 1176 355 1227 aut
389 1173 519 1242 quia
553 1174 650 1228 sol‘
667 1174 815 1227 idem
850 1174 952 1227 sub
986 1177 1165 1226 terras
1202 1178 1367 1240 atque
1404 1188 1637 1241 superne

258 1250 555 1318 imparibus
591 1267 815 1304 currens
850 1250 1207 1304 amfractibus
1243 1248 1484 1302 aetheris
1522 1265 1645 1302 oras

258 1327 430 1393 partit
466 1324 524 1380 et
557 1327 613 1379 in
649 1327 822 1394 partis
857 1343 963 1379 non
1001 1342 1204 1394 aequas
1242 1325 1441 1379 dividit
1476 1325 1686 1393 orbem,

258 1406 317 1456 et
353 1403 500 1470 quod
534 1401 604 1455 ab
640 1402 908 1455 alterutra
943 1402 1190 1455 detraxit
1224 1405 1399 1470 parte,
1437 1402 1657 1470 reponit

258 1479 376 1531 eius
410 1479 467 1531 in
502 1478 732 1530 adversa
768 1480 925 1530 tanto
959 1477 1083 1545 plus
1118 1482 1278 1545 parte
1314 1478 1535 1545 relatu8‚

261 1555 435 1608 donec
470 1554 544 1607 ad
577 1553 647 1618 id,
674 1553 887 1620 signum
924 1554 1057 1607 caeli
1094 1554 1362 1622 pervenit,
1400 1553 1494 1607 ubi
1529 1552 1664 1606 anni.

259 1631 434 1684 nodus
469 1633 763 1683 nocturnas
800 1634 1071 1699 exaequat
1106 1630 1316 1684 lucibus
1351 1631 1587 1684 umbras.

244 1724 398 1773 nam,
435 1706 616 1761 medio
652 1722 815 1759 cursu
848 1705 1011 1760 flatus
1046 1706 1312 1775 aquilonis
1348 1711 1406 1760 et
1441 1706 1630 1774 austri,

259 1783 486 1837 distinet
520 1786 757 1851 aequato
793 1782 1003 1837 caelum
1040 1782 1351 1837 discrimine
1386 1787 1563 1837 metas

257 1864 483 1928 propter
519 1860 760 1928 signiferi
794 1861 1096 1928 posituram
1130 1859 1303 1914 totius
1337 1859 1498 1927 orbiS‚

258 1953 436 1990 annua
471 1936 550 1990 sol
586 1936 642 1989 in
679 1952 788 2005 quo
825 1935 1100 1989 concludit
1135 1939 1385 2004 tempora
1421 1952 1660 2005 serpenS,

257 2012 480 2082 obliquo
515 2017 692 2067 terras
728 2016 786 2067 et
819 2012 1029 2067 caelum
1063 2012 1267 2065 lumine
1302 2011 1555 2079 lustrans„

259 2092 324 2143 ut
358 2089 501 2142 ratio
538 2089 782 2143 declarat
818 2104 1005 2142 eorum
1042 2088 1137 2157 qui
1170 2088 1288 2141 loca
1323 2089 1458 2142 caeli

258 2166 441 2218 omnia
475 2165 755 2232 dispositis
791 2164 958 2232 signis
992 2168 1186 2219 ornata
1219 2166 1493 2220 notarunt.

258 2245 356 2294 aut
391 2240 519 2309 quia
552 2241 783 2294 crassior
819 2244 906 2293 est
939 2241 1105 2294 certis
1141 2240 1197 2293 in
1233 2241 1483 2309 partibus
1519 2258 1626 2309 aer,

260 2316 364 2370 sub
399 2317 563 2370 terris
598 2316 723 2369 ideo
759 2316 1052 2369 tremulum
1086 2316 1248 2370 iubar
1280 2316 1521 2372 haesitat
1555 2319 1697 2386 ignis

1897 614 1978 686 ωε

1905 2181 1979 2219 695

259 2409 363 2446 nec
396 2396 689 2461 penetrare
722 2394 907 2460 potest
941 2392 1097 2445 facile
1132 2397 1301 2462 atque
1336 2411 1631 2463 emergere·
1652 2395 1726 2447 ad
1759 2399 1927 2449 ortuS.

260 2471 555 2538 propterea
589 2471 776 2522 noctes
810 2467 1039 2522 hiberno
1076 2472 1324 2539 tempore
1358 2471 1553 2539 longae

260 2549 492 2612 cessant,
529 2546 659 2599 dum
695 2544 880 2599 veniat
914 2545 1189 2599 radiatum
1224 2547 1434 2613 insigne
1469 2546 1594 2601 dici.

262 2626 360 2676 aut
395 2623 576 2690 otiam,
615 2623 744 2692 quia
777 2623 855 2676 sic
889 2622 1114 2676 alternis
1150 2623 1401 2691 partibus
1435 2623 1562 2677 anni

264 2698 480 2752 tardius
517 2702 575 2754 et
611 2700 771 2753 citius
807 2702 1137 2752 consuerunt
1172 2698 1443 2752 confluere
1476 2700 1630 2767 ignes

262 2773 357 2842 qui
391 2774 596 2829 faciunt
631 2775 799 2828 solem
833 2778 985 2827 certa
1020 2773 1320 2841 desurgere
1353 2779 1527 2841 parte,

262 2850 557 2932 propterea
591 2851 657 2903 fit
691 2852 774 2904 uti
809 2850 1101 2921 videantur
1135 2849 1318 2903 dicere
1353 2866 1541 2903 verum

333 2997 487 3050 Luna
517 3002 707 3074 potest
742 3001 869 3054 solis
903 3002 1071 3054 radiis
1104 3017 1362 3069 percussa
1395 3000 1574 3053 nitere

258 3072 427 3141 inque
461 3072 580 3126 dies
613 3076 786 3142 magis
821 3076 889 3127 id
918 3075 1104 3129 lumen
1140 3078 1457 3128 convertere
1491 3074 1649 3128 nobis

258 3147 334 3202 ad
367 3147 620 3216 speciem,
656 3154 923 3216 quantum
958 3150 1085 3203 solis
1120 3150 1332 3203 secedit
1366 3148 1437 3202 ab
1471 3149 1607 3215 orbi,

1906 2561 1981 2604 700
