<?xml version="1.0" encoding="UTF-8"?>
<!DOCTYPE html PUBLIC "-//W3C//DTD XHTML 1.0 Transitional//EN"
    "http://www.w3.org/TR/xhtml1/DTD/xhtml1-transitional.dtd">
<html xmlns="http://www.w3.org/1999/xhtml" xml:lang="en" lang="en">
 <head>
  <title>
</title>
<meta http-equiv="Content-Type" content="text/html;charset=utf-8" />
  <meta name='ocr-system' content='tesseract 3.04.00' />
  <meta name='ocr-capabilities' content='ocr_page ocr_carea ocr_par ocr_line ocrx_word'/>
</head>
<body>
  <div class='ocr_page' id='page_1' title='image "./tlucreticarider03unkngoog_0017.png"; bbox 0 0 2259 3442; ppageno 0'>
   <div class='ocr_carea' id='block_1_1' title="bbox 1166 123 1223 159">
    <p class='ocr_par' dir='ltr' id='par_1_1' title="bbox 1166 123 1223 159">
     <span class='ocr_line' id='line_1_1' title="bbox 1166 123 1223 159; baseline 0 0"><span class='ocrx_word' id='word_1_1' title='bbox 1166 123 1223 159; x_wconf 84' lang='lat' dir='ltr'><strong>xl</strong></span> 
     </span>
    </p>
   </div>
   <div class='ocr_carea' id='block_1_2' title="bbox 1004 343 1361 400">
    <p class='ocr_par' dir='ltr' id='par_1_2' title="bbox 1004 343 1361 400">
     <span class='ocr_line' id='line_1_2' title="bbox 1004 343 1361 400; baseline 0.008 -3"><span class='ocrx_word' id='word_1_2' title='bbox 1004 343 1243 399; x_wconf 77' lang='lat' dir='ltr'>LIBER</span> <span class='ocrx_word' id='word_1_3' title='bbox 1280 345 1361 400; x_wconf 92' lang='lat' dir='ltr'><strong>II.</strong></span> 
     </span>
    </p>
   </div>
   <div class='ocr_carea' id='block_1_3' title="bbox 428 500 2038 646">
    <p class='ocr_par' dir='ltr' id='par_1_3' title="bbox 428 500 2038 646">
     <span class='ocr_line' id='line_1_3' title="bbox 434 500 1481 556; baseline 0 -1"><span class='ocrx_word' id='word_1_4' title='bbox 434 507 497 555; x_wconf 97' lang='grc'><strong>18</strong></span> <span class='ocrx_word' id='word_1_5' title='bbox 568 510 786 553; x_wconf 75' lang='grc' dir='ltr'><strong>ΜΕΝΤΕ.</strong></span> <span class='ocrx_word' id='word_1_6' title='bbox 858 500 1239 555; x_wconf 87' lang='lat' dir='ltr'><strong>Lachmannus</strong></span> <span class='ocrx_word' id='word_1_7' title='bbox 1264 502 1481 556; x_wconf 80' lang='lat' dir='ltr'><strong>menti’.</strong></span> 
     </span>
     <span class='ocr_line' id='line_1_4' title="bbox 428 587 2038 646; baseline 0.004 -6"><span class='ocrx_word' id='word_1_8' title='bbox 428 593 494 645; x_wconf 92' lang='grc'><strong>27</strong></span> <span class='ocrx_word' id='word_1_9' title='bbox 566 587 828 640; x_wconf 86' lang='lat' dir='ltr'><strong>librorum</strong></span> <span class='ocrx_word' id='word_1_10' title='bbox 876 598 1106 638; x_wconf 78' lang='lat' dir='ltr'>FULGET</span> <span class='ocrx_word' id='word_1_11' title='bbox 1154 588 1301 642; x_wconf 91' lang='lat' dir='ltr'><strong>nolui</strong></span> <span class='ocrx_word' id='word_1_12' title='bbox 1349 591 1581 642; x_wconf 87' lang='lat' dir='ltr'><strong>mutare.</strong></span> <span class='ocrx_word' id='word_1_13' title='bbox 1655 589 2038 646; x_wconf 80' lang='lat' dir='ltr'><strong>Lachmannus</strong></span> 
     </span>
    </p>
   </div>
   <div class='ocr_carea' id='block_1_4' title="bbox 192 672 2038 742">
    <p class='ocr_par' dir='ltr' id='par_1_4' title="bbox 192 672 2038 742">
     <span class='ocr_line' id='line_1_5' title="bbox 192 672 2038 742; baseline 0.004 -19"><span class='ocrx_word' id='word_1_14' title='bbox 192 714 201 723; x_wconf 86' lang='grc'><strong><em>,</em></strong></span> <span class='ocrx_word' id='word_1_15' title='bbox 308 672 582 741; x_wconf 73' lang='lat' dir='ltr'><strong>fulqenti.</strong></span> <span class='ocrx_word' id='word_1_16' title='bbox 653 672 721 726; x_wconf 88' lang='lat' dir='ltr'><strong>cf.</strong></span> <span class='ocrx_word' id='word_1_17' title='bbox 744 687 779 727; x_wconf 83' lang='lat' dir='ltr'>v</span> <span class='ocrx_word' id='word_1_18' title='bbox 817 677 949 726; x_wconf 89' lang='lat'>1049</span> <span class='ocrx_word' id='word_1_19' title='bbox 983 672 1154 727; x_wconf 59' lang='lat' dir='ltr'><strong>sciret</strong></span> <span class='ocrx_word' id='word_1_20' title='bbox 1184 672 1502 742; x_wconf 78' lang='lat' dir='ltr'><strong>animoque,</strong></span> <span class='ocrx_word' id='word_1_21' title='bbox 1526 673 1623 728; x_wconf 90' lang='lat' dir='ltr'><strong>ubi</strong></span> <span class='ocrx_word' id='word_1_22' title='bbox 1659 674 2038 732; x_wconf 82' lang='lat' dir='ltr'><strong>Lachmannus</strong></span> 
     </span>
    </p>
   </div>
   <div class='ocr_carea' id='block_1_5' title="bbox 315 758 2037 3237">
    <p class='ocr_par' dir='ltr' id='par_1_5' title="bbox 320 758 1956 832">
     <span class='ocr_line' id='line_1_6' title="bbox 320 758 1956 832; baseline 0.003 -20"><span class='ocrx_word' id='word_1_23' title='bbox 320 760 856 814; x_wconf 70' lang='lat' dir='ltr'><strong>scirent...viderent</strong></span> <span class='ocrx_word' id='word_1_24' title='bbox 880 758 1169 813; x_wconf 89' lang='lat' dir='ltr'><strong>scribendo</strong></span> <span class='ocrx_word' id='word_1_25' title='bbox 1193 760 1297 814; x_wconf 92' lang='lat' dir='ltr'><strong>loci</strong></span> <span class='ocrx_word' id='word_1_26' title='bbox 1322 763 1651 816; x_wconf 84' lang='lat' dir='ltr'><strong>sententiam</strong></span> <span class='ocrx_word' id='word_1_27' title='bbox 1676 763 1956 832; x_wconf 73' lang='lat' dir='ltr'><strong>pervertit.</strong></span> 
     </span>
    </p>

    <p class='ocr_par' dir='ltr' id='par_1_6' title="bbox 317 844 2037 1590">
     <span class='ocr_line' id='line_1_7' title="bbox 425 844 2037 918; baseline 0.002 -19"><span class='ocrx_word' id='word_1_28' title='bbox 425 849 643 899; x_wconf 84' lang='lat'><strong>40—46.</strong></span> <span class='ocrx_word' id='word_1_29' title='bbox 730 846 829 898; x_wconf 79' lang='lat' dir='ltr'><strong>aut</strong></span> <span class='ocrx_word' id='word_1_30' title='bbox 875 844 1034 898; x_wconf 87' lang='lat' dir='ltr'><strong>fallor</strong></span> <span class='ocrx_word' id='word_1_31' title='bbox 1080 849 1178 899; x_wconf 88' lang='lat' dir='ltr'><strong>aut</strong></span> <span class='ocrx_word' id='word_1_32' title='bbox 1219 847 1363 901; x_wconf 90' lang='lat' dir='ltr'><strong>hunc</strong></span> <span class='ocrx_word' id='word_1_33' title='bbox 1405 847 1583 901; x_wconf 87' lang='lat' dir='ltr'><strong>locum</strong></span> <span class='ocrx_word' id='word_1_34' title='bbox 1630 847 1828 901; x_wconf 87' lang='lat' dir='ltr'><strong>melius</strong></span> <span class='ocrx_word' id='word_1_35' title='bbox 1871 866 2037 918; x_wconf 84' lang='lat' dir='ltr'><strong>quam</strong></span> 
     </span>
     <span class='ocr_line' id='line_1_8' title="bbox 322 931 2036 1003; baseline 0.001 -18"><span class='ocrx_word' id='word_1_36' title='bbox 322 931 701 986; x_wconf 85' lang='lat' dir='ltr'><strong>Lachmannus</strong></span> <span class='ocrx_word' id='word_1_37' title='bbox 725 935 823 986; x_wconf 86' lang='lat' dir='ltr'><strong>aut</strong></span> <span class='ocrx_word' id='word_1_38' title='bbox 857 931 1187 1001; x_wconf 77' lang='lat' dir='ltr'><strong>Bernaysius</strong></span> <span class='ocrx_word' id='word_1_39' title='bbox 1221 934 1493 988; x_wconf 91' lang='lat' dir='ltr'><strong>constitui.</strong></span> <span class='ocrx_word' id='word_1_40' title='bbox 1564 939 1633 987; x_wconf 85' lang='lat'><strong>42</strong></span> <span class='ocrx_word' id='word_1_41' title='bbox 1668 949 1771 1003; x_wconf 90' lang='lat' dir='ltr'><strong>pro</strong></span> <span class='ocrx_word' id='word_1_42' title='bbox 1793 946 2036 989; x_wconf 78' lang='lat' dir='ltr'>EPICURI</span> 
     </span>
     <span class='ocr_line' id='line_1_9' title="bbox 321 1018 2037 1089; baseline -0.001 -17"><span class='ocrx_word' id='word_1_43' title='bbox 321 1018 454 1072; x_wconf 84' lang='lat' dir='ltr'><strong>dedi</strong></span> <span class='ocrx_word' id='word_1_44' title='bbox 478 1026 529 1073; x_wconf 78' lang='lat' dir='ltr'><strong>et</strong></span> <span class='ocrx_word' id='word_1_45' title='bbox 553 1036 711 1073; x_wconf 79' lang='lat' dir='ltr'><strong>ecum</strong></span> <span class='ocrx_word' id='word_1_46' title='bbox 734 1020 805 1074; x_wconf 79' lang='lat' dir='ltr'><strong>vi.</strong></span> <span class='ocrx_word' id='word_1_47' title='bbox 878 1018 1260 1073; x_wconf 85' lang='lat' dir='ltr'><strong>Lachmannus</strong></span> <span class='ocrx_word' id='word_1_48' title='bbox 1281 1037 1387 1086; x_wconf 81' lang='lat' dir='ltr'><strong>que</strong></span> <span class='ocrx_word' id='word_1_49' title='bbox 1418 1020 1747 1089; x_wconf 75' lang='lat' dir='ltr'><strong>elephantis.</strong></span> <span class='ocrx_word' id='word_1_50' title='bbox 1819 1025 1886 1072; x_wconf 88' lang='lat'><strong>43</strong></span> <span class='ocrx_word' id='word_1_51' title='bbox 1912 1022 2037 1086; x_wconf 84' lang='lat' dir='ltr'><strong>post</strong></span> 
     </span>
     <span class='ocr_line' id='line_1_10' title="bbox 320 1103 2036 1175; baseline 0 -18"><span class='ocrx_word' id='word_1_52' title='bbox 320 1111 556 1158; x_wconf 75' lang='lat' dir='ltr'><strong>ornatas</strong></span> <span class='ocrx_word' id='word_1_53' title='bbox 581 1103 774 1158; x_wconf 80' lang='lat' dir='ltr'><strong>addidi</strong></span> <span class='ocrx_word' id='word_1_54' title='bbox 798 1122 904 1172; x_wconf 80' lang='lat' dir='ltr'><strong>que</strong></span> <span class='ocrx_word' id='word_1_55' title='bbox 929 1106 1042 1173; x_wconf 79' lang='lat' dir='ltr'><strong>(q.);</strong></span> <span class='ocrx_word' id='word_1_56' title='bbox 1077 1108 1136 1158; x_wconf 89' lang='lat' dir='ltr'><strong>et</strong></span> <span class='ocrx_word' id='word_1_57' title='bbox 1160 1121 1261 1175; x_wconf 88' lang='lat' dir='ltr'><strong>pro</strong></span> <span class='ocrx_word' id='word_1_58' title='bbox 1284 1116 1567 1156; x_wconf 76' lang='lat' dir='ltr'>ITASTUAS</span> <span class='ocrx_word' id='word_1_59' title='bbox 1591 1105 1786 1174; x_wconf 84' lang='lat' dir='ltr'>scripsi</span> <span class='ocrx_word' id='word_1_60' title='bbox 1808 1110 2036 1157; x_wconf 74' lang='lat' dir='ltr'><strong>statuas,</strong></span> 
     </span>
     <span class='ocr_line' id='line_1_11' title="bbox 320 1189 2034 1260; baseline -0.002 -15"><span class='ocrx_word' id='word_1_61' title='bbox 320 1192 402 1258; x_wconf 85' lang='lat' dir='ltr'><strong>(cf.</strong></span> <span class='ocrx_word' id='word_1_62' title='bbox 431 1190 811 1247; x_wconf 86' lang='lat' dir='ltr'><strong>Lachmannus</strong></span> <span class='ocrx_word' id='word_1_63' title='bbox 838 1192 911 1246; x_wconf 84' lang='lat' dir='ltr'><strong>ad</strong></span> <span class='ocrx_word' id='word_1_64' title='bbox 942 1207 1004 1245; x_wconf 76' lang='grc' dir='ltr'>Π</span> <span class='ocrx_word' id='word_1_65' title='bbox 1027 1193 1164 1260; x_wconf 85' lang='grc'><strong>283.)</strong></span> <span class='ocrx_word' id='word_1_66' title='bbox 1203 1190 1583 1244; x_wconf 88' lang='lat' dir='ltr'><strong>Lachmannus</strong></span> <span class='ocrx_word' id='word_1_67' title='bbox 1616 1190 1850 1244; x_wconf 75' lang='lat' dir='ltr'><strong>validas.</strong></span> <span class='ocrx_word' id='word_1_68' title='bbox 1883 1189 2034 1243; x_wconf 87' lang='lat' dir='ltr'><strong>deni-</strong></span> 
     </span>
     <span class='ocr_line' id='line_1_12' title="bbox 322 1276 2030 1347; baseline -0.001 -17"><span class='ocrx_word' id='word_1_69' title='bbox 322 1293 446 1346; x_wconf 85' lang='lat' dir='ltr'><strong>que,</strong></span> <span class='ocrx_word' id='word_1_70' title='bbox 478 1276 535 1330; x_wconf 90' lang='lat' dir='ltr'><strong>in</strong></span> <span class='ocrx_word' id='word_1_71' title='bbox 574 1284 640 1330; x_wconf 92' lang='lat'><strong>45</strong></span> <span class='ocrx_word' id='word_1_72' title='bbox 682 1277 1123 1347; x_wconf 78' lang='lat' dir='ltr'><strong>interpunctione</strong></span> <span class='ocrx_word' id='word_1_73' title='bbox 1161 1280 1288 1344; x_wconf 87' lang='lat' dir='ltr'><strong>post</strong></span> <span class='ocrx_word' id='word_1_74' title='bbox 1326 1276 1540 1344; x_wconf 74' lang='lat' dir='ltr'><strong>pavide</strong></span> <span class='ocrx_word' id='word_1_75' title='bbox 1588 1276 1751 1345; x_wconf 86' lang='lat' dir='ltr'><strong>facta,</strong></span> <span class='ocrx_word' id='word_1_76' title='bbox 1790 1292 2030 1345; x_wconf 85' lang='lat' dir='ltr'><strong>versum,</strong></span> 
     </span>
     <span class='ocr_line' id='line_1_13' title="bbox 318 1359 2035 1430; baseline -0.001 -14"><span class='ocrx_word' id='word_1_77' title='bbox 318 1379 480 1430; x_wconf 89' lang='lat' dir='ltr'><strong>quem</strong></span> <span class='ocrx_word' id='word_1_78' title='bbox 505 1362 558 1416; x_wconf 87' lang='lat' dir='ltr'>N</span> <span class='ocrx_word' id='word_1_79' title='bbox 562 1363 717 1416; x_wconf 88' lang='lat' dir='ltr'><strong>onius</strong></span> <span class='ocrx_word' id='word_1_80' title='bbox 742 1379 812 1416; x_wconf 85' lang='lat' dir='ltr'><strong>ex</strong></span> <span class='ocrx_word' id='word_1_81' title='bbox 845 1362 971 1415; x_wconf 90' lang='lat' dir='ltr'>libri</span> <span class='ocrx_word' id='word_1_82' title='bbox 1006 1360 1233 1416; x_wconf 86' lang='lat' dir='ltr'><strong>secundi</strong></span> <span class='ocrx_word' id='word_1_83' title='bbox 1262 1361 1472 1414; x_wconf 90' lang='lat' dir='ltr'><strong>incerto</strong></span> <span class='ocrx_word' id='word_1_84' title='bbox 1496 1360 1615 1414; x_wconf 92' lang='lat' dir='ltr'><strong>loco</strong></span> <span class='ocrx_word' id='word_1_85' title='bbox 1648 1359 1885 1428; x_wconf 85' lang='lat' dir='ltr'><strong>rettulit,</strong></span> <span class='ocrx_word' id='word_1_86' title='bbox 1908 1363 2035 1429; x_wconf 90' lang='lat' dir='ltr'><strong>post</strong></span> 
     </span>
     <span class='ocr_line' id='line_1_14' title="bbox 317 1447 2034 1517; baseline 0 -16"><span class='ocrx_word' id='word_1_87' title='bbox 317 1454 385 1503; x_wconf 88' lang='lat'><strong>46</strong></span> <span class='ocrx_word' id='word_1_88' title='bbox 422 1447 712 1514; x_wconf 80' lang='lat' dir='ltr'><strong>collocavi3</strong></span> <span class='ocrx_word' id='word_1_89' title='bbox 746 1448 1128 1502; x_wconf 84' lang='lat' dir='ltr'><strong>Lachmannus</strong></span> <span class='ocrx_word' id='word_1_90' title='bbox 1164 1450 1351 1500; x_wconf 85' lang='lat' dir='ltr'><strong>autem</strong></span> <span class='ocrx_word' id='word_1_91' title='bbox 1386 1449 1447 1500; x_wconf 89' lang='lat' dir='ltr'><strong>et</strong></span> <span class='ocrx_word' id='word_1_92' title='bbox 1482 1447 1816 1517; x_wconf 80' lang='lat' dir='ltr'><strong>Bernaysius</strong></span> <span class='ocrx_word' id='word_1_93' title='bbox 1850 1447 2034 1501; x_wconf 85' lang='lat' dir='ltr'><strong>versui</strong></span> 
     </span>
     <span class='ocr_line' id='line_1_15' title="bbox 317 1522 784 1590; baseline 0 -2"><span class='ocrx_word' id='word_1_94' title='bbox 317 1541 385 1590; x_wconf 88' lang='lat'><strong>43</strong></span> <span class='ocrx_word' id='word_1_95' title='bbox 411 1522 784 1589; x_wconf 85' lang='lat' dir='ltr'><strong>subiecerunt.</strong></span> 
     </span>
    </p>

    <p class='ocr_par' dir='ltr' id='par_1_7' title="bbox 315 1621 2035 2104">
     <span class='ocr_line' id='line_1_16' title="bbox 424 1621 2034 1692; baseline 0.001 -16"><span class='ocrx_word' id='word_1_96' title='bbox 424 1628 521 1676; x_wconf 88' lang='lat'><strong>105</strong></span> <span class='ocrx_word' id='word_1_97' title='bbox 576 1625 706 1676; x_wconf 88' lang='lat' dir='ltr'><strong>ante</strong></span> <span class='ocrx_word' id='word_1_98' title='bbox 764 1622 969 1675; x_wconf 86' lang='lat' dir='ltr'><strong>multos</strong></span> <span class='ocrx_word' id='word_1_99' title='bbox 1012 1637 1184 1674; x_wconf 87' lang='lat' dir='ltr'><strong>annos</strong></span> <span class='ocrx_word' id='word_1_100' title='bbox 1235 1621 1483 1674; x_wconf 74' lang='lat' dir='ltr'><strong>intellexi</strong></span> <span class='ocrx_word' id='word_1_101' title='bbox 1526 1622 1596 1675; x_wconf 87' lang='lat' dir='ltr'><strong>ab</strong></span> <span class='ocrx_word' id='word_1_102' title='bbox 1634 1622 2034 1692; x_wconf 83' lang='lat' dir='ltr'><strong>interpolatore</strong></span> 
     </span>
     <span class='ocr_line' id='line_1_17' title="bbox 315 1707 2035 1777; baseline 0 -15"><span class='ocrx_word' id='word_1_103' title='bbox 315 1709 506 1762; x_wconf 89' lang='lat' dir='ltr'><strong>fictum</strong></span> <span class='ocrx_word' id='word_1_104' title='bbox 530 1725 651 1763; x_wconf 87' lang='lat' dir='ltr'><strong>esse</strong></span> <span class='ocrx_word' id='word_1_105' title='bbox 675 1711 740 1761; x_wconf 91' lang='lat' dir='ltr'><strong>ut</strong></span> <span class='ocrx_word' id='word_1_106' title='bbox 769 1714 866 1761; x_wconf 89' lang='grc'>104</span> <span class='ocrx_word' id='word_1_107' title='bbox 891 1714 1072 1762; x_wconf 71' lang='lat' dir='ltr'><strong>cetera.</strong></span> <span class='ocrx_word' id='word_1_108' title='bbox 1095 1707 1410 1777; x_wconf 83' lang='lat' dir='ltr'><strong>explicaret.</strong></span> <span class='ocrx_word' id='word_1_109' title='bbox 1458 1724 1602 1762; x_wconf 89' lang='lat' dir='ltr'><strong>nunc</strong></span> <span class='ocrx_word' id='word_1_110' title='bbox 1626 1708 1856 1762; x_wconf 87' lang='lat' dir='ltr'><strong>tandem</strong></span> <span class='ocrx_word' id='word_1_111' title='bbox 1881 1725 2035 1777; x_wconf 88' lang='lat' dir='ltr'><strong>repc-</strong></span> 
     </span>
     <span class='ocr_line' id='line_1_18' title="bbox 316 1792 2033 1861; baseline 0.001 -16"><span class='ocrx_word' id='word_1_112' title='bbox 316 1794 398 1846; x_wconf 88' lang='lat' dir='ltr'><strong>rio</strong></span> <span class='ocrx_word' id='word_1_113' title='bbox 432 1793 582 1847; x_wconf 88' lang='lat' dir='ltr'><strong>idem</strong></span> <span class='ocrx_word' id='word_1_114' title='bbox 613 1793 948 1847; x_wconf 77' lang='lat' dir='ltr'><strong>intellexisse</strong></span> <span class='ocrx_word' id='word_1_115' title='bbox 981 1793 1160 1846; x_wconf 85' lang='lat' dir='ltr'><strong>virum</strong></span> <span class='ocrx_word' id='word_1_116' title='bbox 1193 1792 1430 1860; x_wconf 86' lang='lat' dir='ltr'><strong>doctum,</strong></span> <span class='ocrx_word' id='word_1_117' title='bbox 1467 1793 1614 1861; x_wconf 86' lang='lat' dir='ltr'><strong>Hug.</strong></span> <span class='ocrx_word' id='word_1_118' title='bbox 1642 1792 2033 1861; x_wconf 87' lang='lat' dir='ltr'><strong>Purmannum‚</strong></span> 
     </span>
     <span class='ocr_line' id='line_1_19' title="bbox 316 1869 2031 1947; baseline 0.001 -17"><span class='ocrx_word' id='word_1_119' title='bbox 316 1878 372 1931; x_wconf 93' lang='lat' dir='ltr'><strong>in</strong></span> <span class='ocrx_word' id='word_1_120' title='bbox 421 1882 633 1946; x_wconf 84' lang='lat' dir='ltr'><strong>quaest.</strong></span> <span class='ocrx_word' id='word_1_121' title='bbox 680 1869 842 1932; x_wconf 87' lang='lat' dir='ltr'><strong>Lucr.</strong></span> <span class='ocrx_word' id='word_1_122' title='bbox 880 1883 1015 1932; x_wconf 82' lang='lat'>1858</span> <span class='ocrx_word' id='word_1_123' title='bbox 1056 1895 1109 1947; x_wconf 82' lang='lat' dir='ltr'><strong>p.</strong></span> <span class='ocrx_word' id='word_1_124' title='bbox 1147 1883 1195 1932; x_wconf 85' lang='lat'><strong>8.</strong></span> <span class='ocrx_word' id='word_1_125' title='bbox 1270 1880 1513 1930; x_wconf 87' lang='lat' dir='ltr'><strong>ceterum</strong></span> <span class='ocrx_word' id='word_1_126' title='bbox 1558 1882 1657 1932; x_wconf 88' lang='grc'><strong>106</strong></span> <span class='ocrx_word' id='word_1_127' title='bbox 1702 1889 1929 1928; x_wconf 76' lang='lat' dir='ltr'>CETERA</span> <span class='ocrx_word' id='word_1_128' title='bbox 1961 1895 2031 1931; x_wconf 83' lang='lat' dir='ltr'><strong>ex</strong></span> 
     </span>
     <span class='ocr_line' id='line_1_20' title="bbox 316 1963 2034 2033; baseline -0.001 -16"><span class='ocrx_word' id='word_1_129' title='bbox 316 1965 561 2032; x_wconf 86' lang='lat' dir='ltr'><strong>margine</strong></span> <span class='ocrx_word' id='word_1_130' title='bbox 592 1963 823 2031; x_wconf 88' lang='lat' dir='ltr'><strong>illatum,</strong></span> <span class='ocrx_word' id='word_1_131' title='bbox 846 1965 1050 2033; x_wconf 89' lang='lat' dir='ltr'><strong>primas</strong></span> <span class='ocrx_word' id='word_1_132' title='bbox 1074 1964 1195 2018; x_wconf 87' lang='lat' dir='ltr'><strong>eius</strong></span> <span class='ocrx_word' id='word_1_133' title='bbox 1218 1979 1377 2017; x_wconf 88' lang='lat' dir='ltr'><strong>voces</strong></span> <span class='ocrx_word' id='word_1_134' title='bbox 1401 1963 1629 2031; x_wconf 85' lang='lat' dir='ltr'><strong>expulit.</strong></span> <span class='ocrx_word' id='word_1_135' title='bbox 1669 1978 1770 2016; x_wconf 87' lang='lat' dir='ltr'><strong>eae</strong></span> <span class='ocrx_word' id='word_1_136' title='bbox 1792 1969 1868 2015; x_wconf 75' lang='lat' dir='ltr'><strong>set</strong></span> <span class='ocrx_word' id='word_1_137' title='bbox 1890 1979 2034 2029; x_wconf 77' lang='lat' dir='ltr'><strong>quae</strong></span> 
     </span>
     <span class='ocr_line' id='line_1_21' title="bbox 317 2049 791 2104; baseline -0.002 -1"><span class='ocrx_word' id='word_1_138' title='bbox 317 2050 493 2103; x_wconf 86' lang='lat' dir='ltr'><strong>fuisse</strong></span> <span class='ocrx_word' id='word_1_139' title='bbox 517 2049 791 2104; x_wconf 87' lang='lat' dir='ltr'><strong>videntur.</strong></span> 
     </span>
    </p>

    <p class='ocr_par' dir='ltr' id='par_1_8' title="bbox 317 2134 2031 2292">
     <span class='ocr_line' id='line_1_22' title="bbox 424 2134 2031 2205; baseline 0.002 -18"><span class='ocrx_word' id='word_1_140' title='bbox 424 2139 520 2192; x_wconf 86' lang='lat'><strong>137</strong></span> <span class='ocrx_word' id='word_1_141' title='bbox 590 2152 691 2205; x_wconf 87' lang='lat' dir='ltr'><strong>pro</strong></span> <span class='ocrx_word' id='word_1_142' title='bbox 728 2146 920 2187; x_wconf 79' lang='lat' dir='ltr'><strong>PORRo</strong></span> <span class='ocrx_word' id='word_1_143' title='bbox 960 2134 1347 2190; x_wconf 82' lang='lat' dir='ltr'><strong>Lachmannus</strong></span> <span class='ocrx_word' id='word_1_144' title='bbox 1386 2151 1709 2204; x_wconf 64' lang='lat' dir='ltr'><strong>proporro.</strong></span> <span class='ocrx_word' id='word_1_145' title='bbox 1766 2149 1867 2188; x_wconf 89' lang='lat' dir='ltr'><strong>nos</strong></span> <span class='ocrx_word' id='word_1_146' title='bbox 1907 2151 2031 2190; x_wconf 88' lang='lat' dir='ltr'><strong>eum</strong></span> 
     </span>
     <span class='ocr_line' id='line_1_23' title="bbox 317 2222 1984 2292; baseline 0.003 -17"><span class='ocrx_word' id='word_1_147' title='bbox 317 2222 598 2276; x_wconf 79' lang='lat' dir='ltr'><strong>veteribus</strong></span> <span class='ocrx_word' id='word_1_148' title='bbox 621 2240 769 2290; x_wconf 75' lang='lat' dir='ltr'><strong>quae</strong></span> <span class='ocrx_word' id='word_1_149' title='bbox 782 2240 993 2292; x_wconf 76' lang='lat' dir='ltr'><strong>parre.</strong></span> <span class='ocrx_word' id='word_1_150' title='bbox 1725 2240 1730 2245; x_wconf 82' lang='lat'><strong>·</strong></span> <span class='ocrx_word' id='word_1_151' title='bbox 1977 2273 1984 2280; x_wconf 76' lang='grc'><strong>.</strong></span> 
     </span>
    </p>

    <p class='ocr_par' dir='ltr' id='par_1_9' title="bbox 316 2296 2031 2810">
     <span class='ocr_line' id='line_1_24' title="bbox 424 2296 2031 2380; baseline 0.002 -18"><span class='ocrx_word' id='word_1_152' title='bbox 424 2315 520 2364; x_wconf 87' lang='grc'><strong>159</strong></span> <span class='ocrx_word' id='word_1_153' title='bbox 591 2311 921 2380; x_wconf 85' lang='lat' dir='ltr'><strong>comparatis</strong></span> <span class='ocrx_word' id='word_1_154' title='bbox 950 2316 1241 2377; x_wconf 87' lang='lat'>153—156,</span> <span class='ocrx_word' id='word_1_155' title='bbox 1274 2296 1520 2380; x_wconf 73' lang='lat' dir='ltr'><strong>apparet·</strong></span> <span class='ocrx_word' id='word_1_156' title='bbox 1540 2310 1860 2365; x_wconf 88' lang='lat' dir='ltr'><strong>Lucretium</strong></span> <span class='ocrx_word' id='word_1_157' title='bbox 1896 2328 2031 2378; x_wconf 76' lang='lat' dir='ltr'><strong>una,</strong></span> 
     </span>
     <span class='ocr_line' id='line_1_25' title="bbox 317 2396 2027 2466; baseline 0.002 -19"><span class='ocrx_word' id='word_1_158' title='bbox 317 2411 425 2449; x_wconf 92' lang='lat' dir='ltr'><strong>non</strong></span> <span class='ocrx_word' id='word_1_159' title='bbox 463 2405 665 2464; x_wconf 79' lang='lat' dir='ltr'>UNUM,</span> <span class='ocrx_word' id='word_1_160' title='bbox 691 2397 986 2465; x_wconf 79' lang='lat' dir='ltr'><strong>scripsisse.</strong></span> <span class='ocrx_word' id='word_1_161' title='bbox 1057 2397 1124 2452; x_wconf 85' lang='lat' dir='ltr'><strong>cf.</strong></span> <span class='ocrx_word' id='word_1_162' title='bbox 1151 2413 1174 2450; x_wconf 89' lang='lat'>1</span> <span class='ocrx_word' id='word_1_163' title='bbox 1199 2402 1300 2451; x_wconf 85' lang='lat'><strong>604</strong></span> <span class='ocrx_word' id='word_1_164' title='bbox 1326 2414 1443 2466; x_wconf 89' lang='lat' dir='ltr'><strong>sqq.</strong></span> <span class='ocrx_word' id='word_1_165' title='bbox 1468 2400 1528 2450; x_wconf 89' lang='lat' dir='ltr'><strong>et</strong></span> <span class='ocrx_word' id='word_1_166' title='bbox 1550 2413 1675 2451; x_wconf 89' lang='lat' dir='ltr'><strong>ann.</strong></span> <span class='ocrx_word' id='word_1_167' title='bbox 1702 2396 1834 2466; x_wconf 89' lang='lat' dir='ltr'><strong>phil.</strong></span> <span class='ocrx_word' id='word_1_168' title='bbox 1869 2397 2027 2451; x_wconf 85' lang='lat' dir='ltr'><strong>Cant.</strong></span> 
     </span>
     <span class='ocr_line' id='line_1_26' title="bbox 316 2481 2031 2551; baseline 0.001 -17"><span class='ocrx_word' id='word_1_169' title='bbox 316 2496 339 2534; x_wconf 94' lang='lat'>1</span> <span class='ocrx_word' id='word_1_170' title='bbox 373 2497 424 2549; x_wconf 88' lang='lat' dir='ltr'><strong>p.</strong></span> <span class='ocrx_word' id='word_1_171' title='bbox 456 2485 538 2535; x_wconf 85' lang='lat'><strong>29.</strong></span> <span class='ocrx_word' id='word_1_172' title='bbox 585 2498 841 2550; x_wconf 86' lang='lat' dir='ltr'><strong>quaeque</strong></span> <span class='ocrx_word' id='word_1_173' title='bbox 874 2484 1104 2549; x_wconf 87' lang='lat' dir='ltr'><strong>atomus,</strong></span> <span class='ocrx_word' id='word_1_174' title='bbox 1141 2499 1246 2535; x_wconf 89' lang='lat' dir='ltr'><strong>non</strong></span> <span class='ocrx_word' id='word_1_175' title='bbox 1284 2483 1568 2551; x_wconf 85' lang='lat' dir='ltr'><strong>complexa</strong></span> <span class='ocrx_word' id='word_1_176' title='bbox 1599 2485 1702 2551; x_wconf 89' lang='lat' dir='ltr'><strong>est,</strong></span> <span class='ocrx_word' id='word_1_177' title='bbox 1736 2482 1878 2536; x_wconf 88' lang='lat' dir='ltr'><strong>sieut</strong></span> <span class='ocrx_word' id='word_1_178' title='bbox 1901 2481 2031 2536; x_wconf 88' lang='lat' dir='ltr'><strong>solis</strong></span> 
     </span>
     <span class='ocr_line' id='line_1_27' title="bbox 317 2567 2031 2638; baseline 0.002 -18"><span class='ocrx_word' id='word_1_179' title='bbox 317 2583 498 2637; x_wconf 78' lang='lat' dir='ltr'><strong>vapor,</strong></span> <span class='ocrx_word' id='word_1_180' title='bbox 514 2567 614 2621; x_wconf 90' lang='lat' dir='ltr'><strong>sed</strong></span> <span class='ocrx_word' id='word_1_181' title='bbox 629 2585 740 2622; x_wconf 86' lang='lat' dir='ltr'><strong>una</strong></span> <span class='ocrx_word' id='word_1_182' title='bbox 754 2573 812 2623; x_wconf 84' lang='lat' dir='ltr'><strong>et</strong></span> <span class='ocrx_word' id='word_1_183' title='bbox 826 2569 1112 2623; x_wconf 82' lang='lat' dir='ltr'><strong>individua</strong></span> <span class='ocrx_word' id='word_1_184' title='bbox 1137 2586 1169 2623; x_wconf 87' lang='lat' dir='ltr'><strong>e</strong></span> <span class='ocrx_word' id='word_1_185' title='bbox 1194 2569 1307 2623; x_wconf 89' lang='lat' dir='ltr'><strong>suis</strong></span> <span class='ocrx_word' id='word_1_186' title='bbox 1330 2569 1599 2638; x_wconf 84' lang='lat' dir='ltr'><strong>partibus,</strong></span> <span class='ocrx_word' id='word_1_187' title='bbox 1617 2585 1758 2636; x_wconf 83' lang='lat' dir='ltr'><strong>quae</strong></span> <span class='ocrx_word' id='word_1_188' title='bbox 1773 2568 2031 2624; x_wconf 83' lang='lat' dir='ltr'><strong>minimae</strong></span> 
     </span>
     <span class='ocr_line' id='line_1_28' title="bbox 316 2653 2031 2724; baseline 0.003 -20"><span class='ocrx_word' id='word_1_189' title='bbox 316 2656 442 2705; x_wconf 88' lang='lat' dir='ltr'><strong>sunt</strong></span> <span class='ocrx_word' id='word_1_190' title='bbox 465 2669 566 2706; x_wconf 89' lang='lat' dir='ltr'><strong>nec</strong></span> <span class='ocrx_word' id='word_1_191' title='bbox 601 2670 704 2723; x_wconf 86' lang='lat' dir='ltr'><strong>per</strong></span> <span class='ocrx_word' id='word_1_192' title='bbox 728 2671 788 2707; x_wconf 89' lang='lat' dir='ltr'><strong>se</strong></span> <span class='ocrx_word' id='word_1_193' title='bbox 814 2654 1053 2709; x_wconf 83' lang='lat' dir='ltr'><strong>existere</strong></span> <span class='ocrx_word' id='word_1_194' title='bbox 1076 2657 1322 2724; x_wconf 86' lang='lat' dir='ltr'><strong>possunt.</strong></span> <span class='ocrx_word' id='word_1_195' title='bbox 1345 2654 1574 2706; x_wconf 86' lang='lat' dir='ltr'><strong>mirifice</strong></span> <span class='ocrx_word' id='word_1_196' title='bbox 1598 2653 1826 2721; x_wconf 84' lang='lat' dir='ltr'><strong>languet</strong></span> <span class='ocrx_word' id='word_1_197' title='bbox 1843 2669 2031 2710; x_wconf 77' lang='lat' dir='ltr'><strong>unam</strong></span> 
     </span>
     <span class='ocr_line' id='line_1_29' title="bbox 327 2737 1288 2810; baseline 0.003 -18"><span class='ocrx_word' id='word_1_198' title='bbox 327 2737 543 2806; x_wconf 78' lang='lat' dir='ltr'><strong>Unum,</strong></span> <span class='ocrx_word' id='word_1_199' title='bbox 568 2740 686 2794; x_wconf 88' lang='lat' dir='ltr'><strong>sine</strong></span> <span class='ocrx_word' id='word_1_200' title='bbox 709 2740 823 2793; x_wconf 89' lang='lat' dir='ltr'><strong>ulla</strong></span> <span class='ocrx_word' id='word_1_201' title='bbox 843 2741 898 2794; x_wconf 87' lang='lat' dir='ltr'><strong>vi</strong></span> <span class='ocrx_word' id='word_1_202' title='bbox 923 2740 1009 2795; x_wconf 87' lang='lat' dir='ltr'><strong>bis</strong></span> <span class='ocrx_word' id='word_1_203' title='bbox 1030 2742 1288 2810; x_wconf 71' lang='lat' dir='ltr'><strong>positiun.</strong></span> 
     </span>
    </p>

    <p class='ocr_par' dir='ltr' id='par_1_10' title="bbox 315 2825 2031 2967">
     <span class='ocr_line' id='line_1_30' title="bbox 423 2825 2031 2896; baseline 0.003 -18"><span class='ocrx_word' id='word_1_204' title='bbox 423 2831 520 2881; x_wconf 87' lang='grc'><strong>168</strong></span> <span class='ocrx_word' id='word_1_205' title='bbox 590 2840 693 2895; x_wconf 87' lang='lat' dir='ltr'><strong>pro</strong></span> <span class='ocrx_word' id='word_1_206' title='bbox 717 2838 904 2878; x_wconf 81' lang='lat' dir='ltr'><strong>REDDI</strong></span> <span class='ocrx_word' id='word_1_207' title='bbox 929 2826 1121 2895; x_wconf 84' lang='lat' dir='ltr'><strong>scripsi</strong></span> <span class='ocrx_word' id='word_1_208' title='bbox 1150 2826 1404 2880; x_wconf 79' lang='lat' dir='ltr'><strong>credunt.</strong></span> <span class='ocrx_word' id='word_1_209' title='bbox 1439 2825 1621 2880; x_wconf 82' lang='lat' dir='ltr'><strong>hausit</strong></span> <span class='ocrx_word' id='word_1_210' title='bbox 1644 2843 1673 2879; x_wconf 83' lang='lat' dir='ltr'><strong>c</strong></span> <span class='ocrx_word' id='word_1_211' title='bbox 1694 2828 2031 2896; x_wconf 80' lang='lat' dir='ltr'><strong>praecedens</strong></span> 
     </span>
     <span class='ocr_line' id='line_1_31' title="bbox 315 2910 1508 2976; baseline -0.002 -12"><span class='ocrx_word' id='word_1_212' title='bbox 315 2926 382 2976; x_wconf 76' lang='lat' dir='ltr'><strong>e;</strong></span> <span class='ocrx_word' id='word_1_213' title='bbox 421 2910 623 2966; x_wconf 87' lang='lat' dir='ltr'><strong>deinde</strong></span> <span class='ocrx_word' id='word_1_214' title='bbox 650 2928 720 2966; x_wconf 85' lang='lat' dir='ltr'><strong>ex</strong></span> <span class='ocrx_word' id='word_1_215' title='bbox 746 2913 958 2967; x_wconf 76' lang='lat' dir='ltr'><strong>redunt</strong></span> <span class='ocrx_word' id='word_1_216' title='bbox 982 2913 1188 2966; x_wconf 87' lang='lat' dir='ltr'><strong>factum</strong></span> <span class='ocrx_word' id='word_1_217' title='bbox 1216 2914 1302 2965; x_wconf 85' lang='lat' dir='ltr'><strong>est</strong></span> <span class='ocrx_word' id='word_1_218' title='bbox 1326 2927 1362 2963; x_wconf 81' lang='lat' dir='ltr'><strong>r</strong></span> <span class='ocrx_word' id='word_1_219' title='bbox 1362 2910 1508 2964; x_wconf 68' lang='lat' dir='ltr'><strong>eddi.</strong></span> 
     </span>
    </p>

    <p class='ocr_par' dir='ltr' id='par_1_11' title="bbox 315 2996 2028 3153">
     <span class='ocr_line' id='line_1_32' title="bbox 425 2996 2028 3066; baseline 0.002 -19"><span class='ocrx_word' id='word_1_220' title='bbox 425 3000 522 3048; x_wconf 88' lang='grc'><strong>194</strong></span> <span class='ocrx_word' id='word_1_221' title='bbox 589 3012 693 3066; x_wconf 92' lang='lat' dir='ltr'><strong>pro</strong></span> <span class='ocrx_word' id='word_1_222' title='bbox 730 3008 768 3047; x_wconf 80' lang='grc' dir='ltr'><strong>Ε</strong></span> <span class='ocrx_word' id='word_1_223' title='bbox 808 2997 1189 3051; x_wconf 86' lang='lat' dir='ltr'><strong>Lachmannus</strong></span> <span class='ocrx_word' id='word_1_224' title='bbox 1226 3002 1317 3050; x_wconf 76' lang='lat' dir='ltr'><strong>cst.</strong></span> <span class='ocrx_word' id='word_1_225' title='bbox 1369 3000 1616 3050; x_wconf 84' lang='lat' dir='ltr'><strong>ceterum</strong></span> <span class='ocrx_word' id='word_1_226' title='bbox 1653 2996 1718 3050; x_wconf 86' lang='lat' dir='ltr'><strong>cf.</strong></span> <span class='ocrx_word' id='word_1_227' title='bbox 1762 2997 2028 3065; x_wconf 86' lang='lat' dir='ltr'><strong>Madvigii</strong></span> 
     </span>
     <span class='ocr_line' id='line_1_33' title="bbox 315 3082 875 3153; baseline 0.007 -20"><span class='ocrx_word' id='word_1_228' title='bbox 315 3097 541 3150; x_wconf 83' lang='lat' dir='ltr'><strong>gramm</strong></span> <span class='ocrx_word' id='word_1_229' title='bbox 571 3082 692 3137; x_wconf 87' lang='lat' dir='ltr'><strong>Lat.</strong></span> <span class='ocrx_word' id='word_1_230' title='bbox 716 3102 770 3153; x_wconf 90' lang='lat' dir='ltr'><strong>p.</strong></span> <span class='ocrx_word' id='word_1_231' title='bbox 798 3099 875 3137; x_wconf 78' lang='lat' dir='ltr'><strong>IX.</strong></span> 
     </span>
    </p>

    <p class='ocr_par' dir='ltr' id='par_1_12' title="bbox 422 3166 2032 3237">
     <span class='ocr_line' id='line_1_34' title="bbox 422 3166 2032 3237; baseline -0.002 -15"><span class='ocrx_word' id='word_1_232' title='bbox 422 3170 524 3223; x_wconf 87' lang='grc'><strong>205</strong></span> <span class='ocrx_word' id='word_1_233' title='bbox 595 3185 716 3223; x_wconf 71' lang='lat' dir='ltr'><strong>cuni</strong></span> <span class='ocrx_word' id='word_1_234' title='bbox 742 3170 827 3224; x_wconf 83' lang='lat' dir='ltr'><strong>ed.</strong></span> <span class='ocrx_word' id='word_1_235' title='bbox 866 3171 1014 3224; x_wconf 90' lang='lat' dir='ltr'><strong>Iunt.</strong></span> <span class='ocrx_word' id='word_1_236' title='bbox 1039 3169 1105 3223; x_wconf 79' lang='lat' dir='ltr'><strong>in</strong></span> <span class='ocrx_word' id='word_1_237' title='bbox 1140 3175 1243 3223; x_wconf 77' lang='lat' dir='ltr'><strong>sest</strong></span> <span class='ocrx_word' id='word_1_238' title='bbox 1274 3184 1375 3237; x_wconf 85' lang='lat' dir='ltr'><strong>pro</strong></span> <span class='ocrx_word' id='word_1_239' title='bbox 1408 3176 1615 3233; x_wconf 71' lang='lat' dir='ltr'>INFST3</span> <span class='ocrx_word' id='word_1_240' title='bbox 1660 3183 1761 3235; x_wconf 91' lang='lat' dir='ltr'><strong>pro</strong></span> <span class='ocrx_word' id='word_1_241' title='bbox 1794 3166 2032 3220; x_wconf 74' lang='lat' dir='ltr'>DUCERE‘</span> 
     </span>
    </p>
   </div>
  </div>
 </body>
</html>
