2259 3442
980 97 1184 151 xxxviii

225 236 605 294 Lachmannus
637 242 738 296 957
770 236 962 304 inepte
993 238 1121 302 post
1156 236 1256 290 947
1290 231 1592 286 transtulit.
1648 230 1800 285 idem
1823 236 1927 286 955

222 341 323 393 pro
347 337 754 378 'murus-rnna
780 320 1000 390 scripsit
1024 323 1339 386 tempestate
1361 316 1445 371 in..

334 414 465 463 1012
499 408 626 462 libri
662 421 808 467 ouon
841 419 1069 458 merrus
1104 419 1180 458 nx
1215 416 1553 459 nmumm.
1624 402 1925 456 Lachman-

222 513 326 550 nus
365 512 475 564 quo
515 488 753 548 dubitur
791 509 860 547 ex
892 491 1190 558 elementis,
1226 490 1377 559 quod
1412 489 1670 559 equidem
1699 504 1811 542 non
1844 489 1926 542 in-

222 582 439 649 tellego,
511 577 809 634 Lambinus
843 579 992 646 quod
1013 577 1195 646 paulo
1230 576 1492 632 diximus
1524 581 1670 630 ante.
1738 579 1799 630 et
1832 591 1925 644 ap-

220 670 381 735 paret
413 682 483 720 ex
514 664 797 720 elementis
829 663 972 718 male
1004 663 1112 717 huc
1149 680 1219 719 ex
1259 667 1391 717 1009
1429 661 1729 730 irrepsisse.
1789 659 1924 730 quid

220 756 408 807 tamen
432 751 713 822 scripserit
738 751 1028 805 Lucretius
1052 749 1163 804 dici
1187 764 1295 803 non
1317 752 1517 819 potest.

327 842 459 890 1022
495 854 610 907 sqq.
652 837 709 891 in
749 836 836 891 his
863 853 934 890 ne
969 852 1136 890 unam
1169 835 1394 906 quidem
1426 834 1671 888 litteram
1699 832 1923 886 mutavi.

219 922 699 990 quare...iuvetur
722 923 903 977 curvis
924 922 1084 976 lineis
1107 920 1302 975 inclusi
1327 940 1360 986 ;·
1375 936 1502 974 nam
1526 922 1759 988 apparet
1791 922 1925 972 1024

220 1007 371 1074 quod
401 1006 471 1060 ab
495 1008 706 1061 accedit
735 1007 988 1076 pendere.
1061 1005 1441 1060 Lachmannus
1479 1009 1612 1057 1022
1646 1019 1748 1072 pro
1783 1017 1922 1056 rrum

218 1092 438 1163 scripsit
460 1094 594 1162 ulei,
619 1097 678 1148 et
706 1099 839 1148 1023
864 1094 1112 1148 iuvetur.

325 1185 458 1240 1067
527 1180 656 1235 libri
704 1196 876 1236 m'rnn
924 1195 989 1236 sn
1036 1193 1467 1236 smeumnma.
1545 1178 1925 1233 Lachmannus

218 1266 374 1321 inter
394 1264 791 1334 sinqillariter.

325 1357 457 1407 1106
527 1369 627 1421 pro
662 1353 1009 1406 Bnmmms
1047 1353 1352 1406 necessario
1389 1350 1737 1406 scribendum
1760 1351 1926 1405 Brit-

217 1435 401 1489 tanni.
435 1435 678 1503 alioquin
704 1435 879 1488 oratio
904 1451 1013 1488 non
1035 1434 1300 1504 procedit.

323 1526 457 1575 1135
527 1537 627 1589 pro
665 1519 928 1574 librorum
970 1535 1338 1588 concurrunt,
1378 1521 1530 1590 quod
1567 1537 1637 1575 ex
1679 1520 1925 1589 margine

213 1604 500 1674 irrepsisse
517 1604 753 1671 videtur,
768 1607 899 1673 apte
923 1604 1211 1660 Bentleius
1232 1602 1506 1661 dlienum.
1545 1606 1926 1661 Lachmannus

214 1698 487 1746 coortum.

324 1782 456 1832 1138
490 1778 549 1830 in
571 1777 682 1831 fine
707 1792 998 1831 MORTIFER
1020 1792 1108 1833 An.
1160 1778 1387 1833 amissas
1410 1778 1627 1833 litteras
1649 1796 1684 1832 a
1717 1779 1926 1833 Macro-

214 1861 304 1916 bio
345 1867 741 1932 recuperarunt
772 1856 1008 1918 veteres'
1027 1863 1286 1932 editores,
1313 1863 1407 1932 qui
1439 1863 1712 1929 mortifer
1742 1870 1927 1918 aestu-3

214 1950 397 2005 habet.
459 1950 842 2005 Lachmannus
879 1950 1069 2005 morti‘
1093 1950 1278 2018 ferai,
1302 1952 1362 2003 et
1397 1954 1526 2003 1141
1561 1950 1791 2004 mowus
1823 1966 1926 2019 pro

213 2034 478 2090 librorum
502 2050 692 2090 omns,

322 2128 454 2177 1180
524 2122 652 2176 libri
674 2137 962 2177 ARDENTIA
981 2136 1207 2189 Monms,
1232 2121 1382 2190 quod
1405 2122 1540 2176 satis
1563 2124 1753 2190 aptum
1777 2121 1926 2176 vide-

213 2213 321 2261 tur.
355 2208 584 2276 pulchre
608 2211 795 2263 tamen
830 2207 1213 2262 Lachmannus
1236 2224 1303 2261 ae
1325 2209 1541 2263 nuntia
1569 2209 1789 2263 mertia

321 2295 454 2344 1195
524 2306 626 2359 pro
654 2305 1026 2344 monmmom·
1055 2290 1364 2358 Lucretius,
1388 2291 1492 2345 nisi
1521 2292 1694 2361 fallor,
1734 2293 1803 2345 in
1832 2309 1928 2347 ore

216 2375 399 2430 trucei
439 2375 673 2444 scripsit.
742 2376 809 2430 cf.
848 2392 970 2431 ann.
1010 2376 1143 2445 phil.
1194 2376 1356 2433 Cant.
1393 2393 1415 2431 1
1447 2395 1504 2447 p.
1552 2383 1666 2437 374.
1717 2378 1821 2447 hic,
1863 2383 1928 2433 ut

213 2460 359 2527 alibi,
384 2460 611 2530 antiqua
644 2462 822 2515 forma
856 2461 914 2514 in
948 2462 1027 2517 -ei
1055 2460 1310 2517 librarios
1337 2463 1572 2533 decepit,
1597 2465 1692 2534 qui
1719 2481 1822 2535 pro
1855 2466 1929 2518 -ei

214 2544 416 2614 passim
440 2551 509 2599 -et
533 2561 837 2615 supponere
856 2547 1117 2602 solebant.
1175 2564 1277 2616 pro
1300 2564 1481 2605 ‘raim
1507 2566 1697 2604 MEBAT
1722 2550 1929 2620 optime

216 2631 608 2700 Lachmannus,
646 2635 705 2686 et
737 2637 866 2688 ante
897 2650 1023 2689 eum
1057 2634 1110 2688 N
1114 2635 1178 2690 ic.
1218 2635 1480 2691 Heinsius
1509 2639 1568 2691 in
1602 2638 1751 2691 notis
1784 2653 1928 2705 quae

215 2734 314 2772 sua
335 2735 501 2797 manu
522 2719 762 2788 scriptae
784 2737 954 2789 penes
978 2737 1067 2775 mc
1090 2725 1234 2788 sunt,
1260 2728 1412 2776 tenta
1436 2723 1695 2776 tumebat.

322 2809 470 2859 1199.
539 2804 629 2859 hic
664 2821 882 2875 quoque
914 2823 1016 2876 pro
1059 2821 1132 2861 ιη·
1170 2823 1269 2863 Es‘r
1300 2812 1467 2878 poeta
1494 2808 1605 2862 ibai
1647 2807 1928 2876 scripsisse

214 2889 448 2944 videtur.
485 2907 555 2945 ex
578 2891 684 2946 ibet·
705 2893 911 2946 factum
947 2897 1035 2949 est
1066 2895 1305 2963 primum
1338 2896 1466 2960 iuet,
1491 2894 1696 2949 deinde
1733 2899 1799 2947 ut
1832 2901 1924 2948 est.

218 2977 593 3032 Lachmannus
616 2979 727 3049 vix,
757 2982 817 3034 et
845 2985 977 3034 1195
1001 2981 1402 3035 inhorrescens.

323 3070 664 3120 1229--1233
729 3066 1036 3119 necessario
1104 3082 1229 3120 cum
1279 3064 1649 3133 superioribus
1698 3065 1923 3119 coniun-

215 3146 383 3215 gendi
405 3152 549 3216 sunt,
579 3166 704 3217 non,
728 3151 794 3202 ut
821 3148 941 3202 vult
967 3149 1361 3216 Lachmannua
1385 3165 1511 3203 cum
1543 3147 1915 3219 sequentibus.
