2259 3442
18 0 131 24 rw
164 0 183 1 ff

1086 100 1195 156 VI>
1886 98 2002 157 173

293 204 569 259 disturbat
603 204 769 258 urbes
804 208 862 258 et
896 206 1080 257 terrae
1112 206 1297 257 motus
1331 202 1573 258 obortus.
1667 212 1673 218 ’

293 280 575 349 multaque
609 283 903 350 praeterea
935 279 1257 333 cecideruut
1291 279 1506 333 moenia
1539 280 1752 347 magnis
1824 289 1831 294 ’

293 357 533 410 motibus
567 356 626 409 in
661 355 827 411 terris
863 358 923 418 et
957 355 1164 409 multae
1199 371 1301 424 per
1334 372 1486 409 mare
1521 373 1741 424 pessum

293 432 591 487 subsedere
628 434 741 488 suis
775 433 988 501 pariter
1022 449 1148 487 cum
1185 432 1392 487 civibus
1428 433 1606 487 urbes.
1935 448 2010 487 590

294 508 442 577 quod
478 508 581 562 nisi
616 508 947 579 prorumpit,
983 511 1171 563 tamen
1206 509 1448 579 impetus
1481 510 1600 578 ipse
1635 509 1835 564 animai

291 587 351 638 et
385 584 503 638 fera
537 584 620 639 vis
653 586 805 641 venti
839 602 940 654 per
972 585 1168 640 crebra
1201 585 1468 642 foramina
1502 589 1687 640 terrae

294 660 621 729 dispertitur
651 666 716 717 ut
750 662 944 716 horror
980 665 1040 716 et
1071 661 1273 716 incutit
1306 662 1438 716 inde
1472 665 1801 730 tremorem;

292 736 466 804 frigus
501 737 585 792 uti
620 742 835 793 nostros
868 738 1090 808 penitus
1124 755 1250 792 cum
1287 739 1439 793 venit
1471 740 1527 793 in
1563 743 1736 806 artua,

295 814 539 868 concutit
573 813 773 868 invitos
809 830 1008 882 cogens
1044 817 1287 878 tremere
1320 818 1487 883 atque
1522 832 1756 869 movere.
1929 829 2002 868 595

296 889 520 958 ancipiti
556 890 840 959 trepidant
874 890 1047 958 igitur
1081 893 1296 944 terrore
1331 906 1432 958 per
1465 891 1633 959 urbis,

293 967 446 1018 tecta
480 981 714 1034 superne
750 966 964 1033 timent,
998 969 1256 1020 metuunt
1289 965 1503 1020 inferne
1537 983 1797 1020 cavernas

295 1040 467 1093 terrai
500 1058 571 1095 ne
606 1041 869 1095 dissoluat
903 1045 1105 1095 natura
1139 1044 1383 1110 repente,

295 1132 405 1169 neu
439 1116 706 1181 distracta
740 1133 898 1170 suum
934 1117 1047 1170 late
1082 1117 1380 1186 dispandat
1414 1118 1626 1172 hiatum

296 1192 478 1260 adque
512 1192 623 1245 suis
658 1193 881 1246 confusa
915 1193 1051 1247 velit
1086 1194 1362 1261 complere
1396 1193 1583 1247 ruinis.
1939 1210 2015 1249 ooo

296 1268 528 1337 proinde
562 1268 694 1322 licet
728 1269 976 1337 quamvis
1011 1269 1223 1323 caelum
1259 1273 1578 1338 terramque
1614 1273 1842 1324 reantur

294 1344 613 1413 incorrupta
645 1344 763 1398 fore
798 1348 1056 1399 aeternae
1090 1345 1353 1399 mandata
1386 1344 1579 1412 saluti3

297 1423 356 1473 et
390 1424 576 1474 tamen
611 1420 891 1475 interdum
929 1438 1190 1490 praesens
1227 1422 1308 1475 vis
1343 1421 1465 1491 ipsa
1498 1421 1688 1491 pericli

298 1496 488 1550 subdit
524 1500 583 1551 et
617 1497 761 1562 hunc
801 1497 1084 1562 stimulum
1119 1497 1357 1567 quadam
1394 1498 1465 1552 de
1499 1502 1659 1568 parte
1691 1500 1918 1563 timoris,

296 1589 366 1634 ne
402 1573 639 1642 pedibus
682 1575 887 1643 raptim
923 1574 1089 1628 tellus
1125 1574 1410 1629 subtracta
1445 1575 1655 1630 feratur
1940 1591 2014 1631 ⁶05

296 1649 354 1702 in
389 1649 709 1704 barathrum
745 1667 1036 1720 rerumque
1072 1653 1337 1719 sequatur
1370 1651 1594 1720 prodita
1629 1669 1839 1706 summa

296 1725 545 1780 funditus
581 1730 640 1781 et
674 1727 774 1781 fiat
808 1727 1001 1780 mundi
1035 1727 1261 1780 confusa
1291 1728 1461 1781 ruina.

369 1802 668 1872 [Principio
702 1818 857 1856 mare
891 1802 1164 1856 mirantur
1198 1818 1306 1855 non
1341 1802 1580 1860 reddere
1613 1804 1788 1858 maius

297 1884 568 1944 naturam,
604 1894 713 1946 quo
749 1877 823 1931 sit
856 1880 1046 1940 tantus
1082 1877 1343 1930 decursus
1379 1893 1657 1947 aquarum,

297 1953 478 2008 omnia
512 1971 620 2023 quo
655 1954 879 2008 veniant
913 1970 984 2006 ex
1019 1953 1168 2010 omni
1205 1952 1425 2007 flumina
1458 1957 1631 2022 parte.
1942 1972 2016 2011 610

298 2031 444 2086 adde
479 2047 646 2098 vagos
681 2029 872 2084 imbris
910 2032 1381 2099 tempestatesque
1415 2029 1676 2098 volantes,

296 2108 478 2162 omnia
510 2124 651 2176 quae
683 2106 855 2160 maria
888 2123 952 2160 ac
986 2109 1168 2160 terras
1206 2109 1581 2174 sparguntque
1615 2106 1944 2176 rigantque3

189 2203 200 2210 “
296 2184 441 2239 adde
476 2201 602 2238 suos
637 2184 834 2251 fontis3
868 2187 1055 2237 tamen
1088 2182 1162 2236 ad
1196 2184 1362 2237 maris
1397 2183 1580 2237 omnia
1615 2201 1882 2239 summam

296 2261 476 2328 guttai
513 2261 603 2314 vix
638 2261 814 2314 instar
849 2263 1012 2314 erunt
1045 2260 1205 2313 unius
1240 2259 1577 2328 adaugmen3

298 2354 409 2406 quo
433 2338 611 2392 minus
636 2341 724 2392 est
750 2337 951 2391 mirum
975 2353 1127 2393 mare
1152 2353 1261 2389 non
1286 2353 1576 2405 augescere
1599 2353 1871 2405 magnum.
1943 2354 2019 2393 ⁰15

296 2418 584 2481 praeterea
620 2431 871 2481 magnam
907 2413 988 2466 sol
1022 2415 1239 2482 partem
1279 2412 1524 2467 detrahit
1562 2418 1736 2469 aestu.

298 2489 502 2558 quippe
539 2488 788 2543 videmus
823 2490 967 2543 enim
1002 2490 1172 2543 vestis
1207 2506 1398 2543 umore
1432 2490 1707 2545 madentis

297 2566 570 2620 exsiccare
607 2567 719 2619 suis
754 2565 924 2619 radiis
959 2565 1269 2619 ardentibu'
1306 2567 1503 2621 solem:

295 2646 354 2696 at
388 2643 582 2712 pelage
617 2641 792 2695 multa
825 2645 885 2696 et
919 2642 1032 2695 late
1068 2640 1348 2696 substrata
1383 2642 1644 2697 videmus.

294 2717 524 2787 proinde
561 2718 690 2772 licet
726 2719 977 2786 quamvis
1013 2735 1081 2772 ex
1117 2735 1227 2771 uno
1264 2735 1480 2787 quoque
1516 2719 1635 2773 loco
1672 2719 1753 2773 sol
1936 2735 2010 2775 620

294 2795 501 2850 umoris
537 2810 760 2863 parvam
799 2793 1006 2849 delibet
1040 2793 1110 2850 ab
1146 2810 1382 2863 aequore
1416 2798 1665 2864 partem3

293 2870 525 2940 largiter
559 2870 617 2924 in
654 2874 810 2926 tanto
851 2871 1029 2941 spatio
1066 2874 1251 2924 tamen
1290 2871 1509 2926 auferet
1541 2872 1724 2927 undis.

297 2951 418 3001 tum
453 2964 617 3016 porro
652 2947 803 3003 venti
839 2964 1058 3017 quoque
1095 2965 1346 3017 magnam
1381 2949 1578 3003 tollere
1612 2953 1831 3019 partem

300 3023 503 3077 umoris
537 3027 769 3093 possunt
802 3028 1086 3078 verrentes
1121 3042 1373 3094 aequora,
1398 3026 1588 3080 ventis

300 3115 411 3156 uua
446 3104 609 3155 nocte
642 3102 757 3158 vias
790 3101 1044 3170 quoniam
1080 3117 1348 3170 persaepe
1381 3101 1632 3155 videmus
1943 3116 2016 3155 625

302 3175 492 3229 siccari
528 3177 812 3246 mollisque
849 3178 951 3231 luti
988 3194 1340 3231 concrescere
1375 3182 1600 3233 crustas,
