2259 3442
1128 100 1164 159 I
1526 130 1531 134 ·
1953 101 2026 157 19

314 206 376 258 et
409 203 505 272 qui
538 202 860 272 principium
893 201 1189 271 gignundis
1220 217 1352 257 aera
1384 200 1551 257 rebus
1593 210 1597 214 “

313 279 664 346 constituere,
702 280 800 332 aut
834 294 1080 332 umorem
1115 278 1448 348 quicumque
1482 281 1751 348 putarunt

315 355 522 423 fingere
559 372 648 409 res
683 355 860 423 ipsum
895 371 996 423 per
1031 372 1106 422 se,
1143 357 1420 410 terramve
1458 372 1643 410 creare

315 431 497 485 omnia
533 434 592 485 et
624 431 682 484 in
717 447 900 484 rerum
937 435 1163 485 naturas
1196 431 1404 486 vertier
1440 432 1630 499 omnis,
1954 444 2029 488 710

315 523 512 575 magno
549 524 716 576 opere
751 523 785 560 a
819 523 948 561 vero
984 507 1146 575 longe
1183 507 1433 561 derrasse
1469 507 1741 563 videntur.

314 584 460 638 adde
498 585 664 638 etiam
704 584 800 653 qui
836 582 1222 651 conduplicant
1259 583 1557 651 primordia
1591 601 1775 639 rerum

314 677 445 715 aera
479 661 764 728 iungentes
799 659 913 729 igni
950 662 1269 728 terramque
1304 660 1518 729 liquori,

314 740 374 791 et
410 737 506 806 qui
541 740 805 806 quattuor
839 753 908 790 ex
945 735 1112 790 rebus
1148 753 1308 805 posse
1345 737 1523 790 omnia.
1557 740 1752 790 rentur

314 830 401 886 cx>
419 812 529 881 igni
569 818 720 867 terra
755 816 924 882 atque
960 813 1142 866 anima
1177 829 1523 881 procrescere
1559 816 1617 867 et
1651 812 1830 867 imbri.
1956 826 2030 869 ⁷15

315 889 560 959 quorum
587 890 993 958 Acragantinus
1028 905 1151 942 cum
1189 886 1379 958 primis
1417 889 1774 965 Empedocles
1810 893 1912 958 est,
1975 932 2022 940 -.
2051 896 2196 955 111ss

309 967 488 1021 insula
524 983 685 1035 quem
723 965 1014 1034 triquetris
1049 968 1323 1018 terrarum
1359 966 1531 1032 gessit
1565 965 1621 1017 in
1658 960 1784 1031 oris]

315 1060 480 1112 quam
514 1043 736 1096 fluitans
772 1042 976 1094 circum
1011 1041 1221 1107 magnis
1258 1040 1591 1093 anfractibus
1625 1056 1832 1108 aequor

317 1119 532 1173 Ionium
568 1118 772 1184 glaucis
809 1117 1053 1184 aspargit
1087 1115 1235 1167 virus
1270 1115 1340 1167 ab
1376 1116 1551 1182 undis,

314 1198 657 1262 angustoque
691 1193 839 1246 fretu
875 1190 1126 1259 rapidum
1164 1207 1314 1244 marc
1351 1190 1549 1244 dividit
1584 1191 1747 1244 undis
1956 1204 2023 1244 72⁰

318 1269 515 1323 Italiae
550 1273 823 1322 terrarum
863 1283 985 1320 oras
1021 1283 1055 1319 a
1090 1265 1290 1320 finibus
1326 1266 1459 1320 eius.

315 1345 405 1399 hic
440 1349 524 1417 est
560 1348 714 1398 vasta
752 1342 1054 1412 Charybdis
1089 1346 1149 1397 et
1183 1342 1270 1397 hic
1309 1344 1558 1397 Aetnaea
1593 1342 1867 1398 minantur

316 1438 595 1477 murmura
631 1421 973 1476 flammarum
1009 1437 1228 1475 rursum
1265 1438 1325 1475 so
1361 1421 1617 1490 colligere
1650 1421 1774 1490 iras,

311 1499 558 1554 faucibus
595 1503 818 1569 eruptos
854 1499 1056 1552 iterum
1093 1499 1176 1552 vis
1211 1501 1277 1553 ut
1314 1503 1499 1555 vomat
1530 1498 1672 1567 ignis

246 1609 257 1614 ·
312 1577 386 1632 ad
418 1577 740 1645 caelumque
776 1576 920 1631 ferat
957 1575 1197 1629 flammai
1235 1576 1452 1644 fulgura
1486 1592 1718 1630 rursum.
1954 1586 2029 1630 725

313 1672 456 1723 quae
491 1671 615 1708 cum
651 1671 848 1722 magna
884 1652 1061 1706 modis
1098 1653 1287 1707 multis
1322 1653 1570 1706 miranda
1603 1652 1825 1705 videtur
1922 1652 1986 1697 ³¹¹?-

311 1731 569 1799 gentibus
605 1730 855 1783 humanis
895 1729 1046 1796 regio
1085 1729 1418 1796 visendaque
1435 1729 1659 1816 fertur,-

314 1806 479 1861 rebus
513 1805 695 1875 opima
731 1805 902 1871 boni8‚
942 1805 1115 1857 multa
1152 1804 1363 1857 munita
1397 1804 1572 1857 virum
1607 1804 1679 1868 vi,

314 1883 406 1955 nil
428 1886 614 1936 tamen
650 1883 751 1935 hoc
788 1880 1039 1932 habuisse
1076 1880 1195 1932 viro
1231 1879 1562 1946 praeclarius
1596 1879 1660 1945 in
1689 1895 1748 1931 sc

316 1948 417 2011 nec
453 1960 701 2010 sanctum
736 1955 913 2022 magis
951 1957 1008 2006 ct
1043 1954 1242 2006 mirum
1281 1970 1571 2022 carumque
1606 1953 1842 2006 videtur.
1955 1964 2029 2006 730
2096 1971 2103 1979 ·

315 2033 558 2087 carmina
594 2031 726 2100 quin
765 2031 932 2084 etiam
973 2028 1143 2082 divini
1178 2030 1417 2099 pectoris
1452 2029 1567 2082 eius

315 2109 684 2163 vociferantur
720 2111 777 2162 ct
817 2109 1097 2175 exponunt
1134 2105 1413 2176 praeclara
1447 2108 1680 2174 reperta,

314 2190 377 2241 ut
413 2187 505 2240 vix
539 2185 773 2239 humana
812 2183 1068 2238 videatur
1104 2183 1280 2252 stirpe
1318 2186 1545 2236 creatus.

388 2262 496 2316 Hic
531 2266 714 2315 tamen
753 2264 812 2315 et
848 2278 1013 2331 supra
1051 2276 1187 2330 quos
1225 2259 1461 2312 diximus
1496 2257 1781 2312 inferiores

313 2339 561 2408 partibus
599 2338 820 2407 egregie
856 2338 1044 2391 multis
1079 2336 1364 2407 multoque
1398 2335 1649 2399 minores,
1766 2335 1844 2390 ου(
1950 2347 2025 2390 735

315 2432 642 2484 quamquam
678 2415 854 2468 multa
888 2414 1028 2468 bene
1062 2430 1126 2468 ac
1163 2413 1421 2467 divinitus
1454 2412 1792 2466 invenientes

316 2508 385 2546 ex
421 2490 584 2559 adyto
620 2496 900 2560 tamquam
936 2491 1115 2545 cordis
1153 2507 1413 2561 responsa
1449 2489 1652 2542 dedere

317 2567 553 2621 sanctius
590 2571 647 2622 et
682 2567 856 2620 multo
892 2570 1043 2621 certa
1077 2567 1290 2620 ratione
1326 2566 1524 2642 magis
1535 2580 1698 2635 quam

319 2643 515 2713 Pythia
550 2661 692 2713 quae
729 2643 932 2731 tripodi
969 2660 1002 2696 a
1041 2642 1250 2695 Phoebi
1287 2634 1545 2708 lauroque
1583 2638 1846 2706 profatur,

316 2720 593 2789 principiis
627 2724 813 2774 tamen
849 2720 905 2772 in
944 2735 1126 2773 rerum
1166 2721 1343 2772 fecere
1378 2717 1563 2769 ruinas
1951 2728 2023 2769 740

315 2799 374 2850 et
408 2798 649 2865 graviter
683 2798 867 2865 magni
906 2813 1100 2864 magno
1144 2794 1387 2849 cecidere
1424 2791 1500 2845 ibi
1537 2807 1695 2858 casu;

315 2873 550 2942 primum
587 2873 735 2943 quod
772 2877 954 2926 motus
993 2876 1250 2941 exempto
1287 2870 1451 2924 rebus
1484 2868 1630 2922 inani

315 2952 652 3004 constituunt
690 2954 748 3005 ct
784 2967 872 3004 res
911 2948 1088 3002 mollis
1126 2964 1390 3016 rarasque
1425 2945 1753 3014 relinquont‚

316 3042 444 3093 acra
479 3028 648 3080 solem
685 3028 866 3095 ignem
903 3029 1082 3080 terras
1118 3024 1372 3078 animalia
1406 3024 1605 3090 fruges,

315 3119 417 3156 nec
450 3107 635 3156 tamen
671 3103 974 3156 admiscent
1010 3101 1066 3154 in
1102 3117 1289 3155 eorum
1327 3116 1522 3169 corpus
1554 3098 1741 3151 inane·
1728 3137 1743 3161 ‚
1795 3132 1822 3147 f
1948 3107 2022 3148 745

318 3178 521 3235 deiude
557 3179 706 3249 quod
743 3180 958 3233 omnino
994 3179 1159 3233 finem
1196 3194 1303 3231 non
1339 3193 1459 3230 csse
1496 3171 1745 3229 secandis
