2259 3442
253 101 364 159 104
1026 98 1172 154 1111

246 203 434 258 umida
467 202 672 271 linguai
706 201 911 257 circum
948 200 1204 255 sudantia
1236 199 1459 268 templa.
1487 256 1492 260 ,

249 285 309 335 at
341 282 533 335 contra
566 283 815 348 pungunt
850 293 1066 331 sensum
1102 276 1456 344 lacerantque
1488 278 1691 343 coorta,

248 361 454 427 quanto
490 372 740 425 quaeque
775 353 949 422 magis
985 355 1114 406 sunt
1150 351 1448 420 asperitate
1482 351 1707 420 repleta.

248 432 450 488 deinde
485 433 737 502 voluptas
771 434 858 485 ost
893 447 925 484 e
961 445 1089 483 suco
1125 429 1236 482 fine
1269 427 1469 497 palati3

250 526 374 563 cum
408 525 538 563 vero
575 508 832 561 deorsum
868 523 969 576 per
1003 506 1191 559 fauces
1225 504 1623 574 praecipitavit,

248 585 400 640 nulla
434 585 690 654 voluptas
722 587 823 652 ost,
860 583 993 637 dum
1028 581 1242 636 diditur
1278 581 1453 635 omnis
1486 580 1543 634 in
1579 585 1745 636 artus.

249 678 352 727 nec
386 662 556 716 refert
591 659 881 729 quicquam
916 676 1046 730 quo,
1060 659 1212 713 victu
1247 675 1445 728 corpus
1478 658 1670 722 alatur,

247 738 546 793 dummodo
581 738 730 807 quod
765 736 950 806 capias
985 739 1309 791 concoctum
1346 734 1540 788 didere
1577 733 1756 804 possis

246 815 479 870 artubus
517 819 575 869 ct
609 813 876 869 stomachi
909 812 1216 866 umidulum
1251 827 1470 865 servare
1506 813 1769 864 tenorem.

321 891 481 946 Nunc
517 891 639 945 aliis
673 890 812 946 alius
846 890 942 961 qui
977 888 1053 943 sit
1087 887 1224 943 cibu’
1265 886 1444 941 suavis
1480 889 1540 941 et
1574 886 1750 943 almus

251 969 555 1038 expediam,
590 983 844 1036 quareve,
880 965 1001 1020 aliis
1035 965 1186 1035 quod
1220 965 1381 1019 triste
1417 968 1475 1018 et
1510 964 1825 1030 amarumst‚

251 1045 354 1099 hoc
388 1049 577 1100 tamen
612 1061 733 1099 esse
766 1044 887 1098 aliis
921 1042 1097 1113 possit
1130 1041 1399 1110 perdulce.
1427 1040 1616 1108 videri,

249 1125 514 1191 tantaque
549 1123 616 1175 in
651 1121 736 1175 his
771 1119 937 1173 rebus
973 1118 1239 1172 distantia
1273 1116 1665 1185 differitasque,

250 1201 315 1251 ut
350 1198 498 1268 quod
531 1197 603 1252 ali
637 1197 791 1252 cibus
826 1200 914 1250 est
949 1194 1070 1249 aliis
1103 1194 1225 1249 fuat
1258 1209 1384 1247 acre
1419 1208 1702 1247 venenum.

251 1291 372 1328 esse
405 1275 486 1328 ita
519 1274 640 1342 quit
674 1289 916 1343 serpens,
952 1271 1186 1325 hominis
1219 1286 1361 1338 quae
1394 1272 1547 1324 tacta
1579 1266 1761 1323 salivis

252 1351 486 1419 disperit
520 1368 583 1405 ac
619 1367 740 1405 sese
775 1347 1083 1403 mandendo
1117 1347 1339 1401 conficit
1371 1346 1505 1416 ipsa.

251 1430 541 1496 praeterea
574 1426 730 1480 nobis
764 1428 1062 1480 veratrum·
1080 1427 1167 1478 est
1201 1440 1328 1477 acre
1362 1439 1645 1488 venenum,

251 1507 312 1557 at
347 1503 526 1572 capris
561 1502 753 1572 adipes
789 1505 848 1555 et
882 1499 1251 1555 coturnicibus
1285 1502 1466 1567 auget.

250 1582 315 1632 ut
350 1578 546 1649 quibus
578 1578 638 1632 id
672 1578 769 1632 fiat
804 1576 970 1632 rebus
1005 1592 1332 1644 cognoscere
1365 1575 1557 1644 possis,

252 1655 518 1725 principio
553 1654 863 1708 meminisse
900 1653 1064 1707 decet
1099 1668 1239 1721 quae
1275 1650 1512 1706 diximus
1545 1655 1691 1719 aute,

258 1732 467 1785 semina
502 1730 842 1785 multimodis
877 1729 937 1783 in
972 1729 1138 1783 rebus
1171 1727 1347 1782 mixta
1380 1729 1572 1783 teneri.

253 1824 419 1878 porro
444 1824 633 1862 omnes
656 1823 1031 1877 quaecumque
1056 1806 1240 1860 cibum
1263 1804 1487 1874 capiunt.
1509 1805 1827 1872 animantes,

250 1888 316 1938 ut
353 1887 481 1940 sunt
517 1884 807 1938 dissimiles
843 1883 1185 1938 extrinsecus
1219 1887 1279 1937 et
1310 1881 1615 1950 generatim

253 1962 461 2015 extima
496 1960 865 2015 membrorum
902 1959 1336 2014 circumcaesura
1369 1961 1602 2025 coercet,

252 2036 487 2106 proinde
524 2040 583 2091 et
618 2036 917 2091 seminibus
954 2038 1208 2090 constant
1242 2034 1490 2089 variante
1524 2034 1716 2101 figura.

254 2114 460 2168 semina
493 2130 616 2168 cum
653 2129 817 2182 porro
853 2112 1079 2179 distent,
1115 2110 1337 2166 differre
1371 2114 1648 2165 necessest

251 2189 540 2244 intervalla
575 2188 813 2256 viasque,
849 2189 1117 2242 foramina
1152 2204 1291 2255 quae
1326 2186 1691 2257 perhibemus,

254 2264 501 2319 omnibu3
535 2265 594 2318 in
627 2264 888 2319 membris
922 2267 983 2318 et
1014 2265 1073 2317 in
1108 2279 1205 2316 ore
1239 2263 1467 2332 ipsoque
1501 2263 1702 2332 palate.

254 2358 375 2394 esse
409 2340 618 2394 minora
653 2339 826 2408 igitur
862 2339 1134 2408 quaedam
1170 2339 1483 2406 maioraque
1520 2337 1740 2401 debent,

254 2416 375 2471 esse
409 2416 681 2485 triquetra
715 2415 850 2484 aliis,
886 2415 1006 2469 aliis
1040 2415 1312 2484 quadrata
1345 2418 1637 2483 necessest,

256 2493 428 2547 multa
461 2491 716 2558 rutunda,
749 2491 929 2545 modis
963 2492 1152 2546 multis
1186 2491 1525 2561 multangula
1558 2491 1839 2562 quaedam.

254 2585 488 2638 namque
522 2568 821 2636 figurarum
856 2568 999 2623 ratio
1032 2572 1096 2623 ut
1129 2572 1420 2637 motusque
1454 2572 1761 2639 reposcunt,

255 2646 485 2716 proinde
518 2643 870 2699 foraminibus
907 2645 1116 2700 debent
1153 2645 1375 2700 differre
1409 2646 1632 2714 figurae,

254 2726 313 2776 et
348 2724 559 2776 variare
594 2720 713 2776 viae
745 2721 978 2791 proinde
1013 2739 1077 2776 ac
1111 2725 1336 2777 textura
1370 2725 1602 2777 coercet.

257 2798 358 2852 hoc
393 2798 489 2851 ubi
524 2798 672 2866 quod
709 2814 872 2853 suave
907 2802 996 2853 est
1029 2797 1151 2851 aliis
1184 2797 1305 2851 aliis
1339 2798 1405 2852 fit
1437 2813 1698 2864 amarum,

256 2873 349 2940 illi,
386 2874 473 2926 cui
508 2889 673 2927 suave
708 2877 810 2941 est,
845 2875 1119 2929 levissima
1136 2891 1384 2944 ‘corpora
1419 2873 1628 2928 debent

258 2946 727 3003 contractabiliter
761 2951 945 3005 caulas
977 2951 1189 3005 intrare
1223 2950 1412 3020 palati,

258 3028 318 3078 at
352 3026 544 3078 contra
575 3024 771 3091 quibus
806 3030 894 3080 est
927 3027 1124 3080 eadem
1160 3042 1251 3081 res
1285 3027 1436 3079 intus
1470 3022 1683 3090 acerba,

258 3116 455 3168 aspera
485 3098 742 3153 nimirum
777 3105 1078 3170 penetrant
1110 3102 1441 3170 hamataque
1473 3100 1673 3154 fauces.

260 3192 403 3230 nunc
434 3173 596 3229 facile
629 3178 718 3229 est
751 3192 820 3229 cx
855 3177 941 3230 his
976 3177 1142 3230 rebus
1175 3192 1499 3245 cognoscere
1532 3192 1794 3245 quaeque.

1805 1401 1968 1472 ‘mo
