2259 3442
1134 92 1233 150 VI
1923 91 2030 147 167

325 217 555 273 corpora
587 214 729 269 quae
761 195 938 268 plagis
973 196 1274 252 incendunt
1307 194 1685 251 mobilitatem.
1776 207 1785 210 ·

323 277 718 344 incolumisque
752 274 903 329 venit
938 290 1040 343 per
1072 289 1164 327 res
1198 274 1366 341 atquc
1398 271 1614 341 integra
1646 270 1849 326 transit

325 356 514 423 multa,
549 351 902 407 foraminibus
938 349 1182 419 liquidus
1216 348 1681 417 quia.transvolat
1713 346 1865 415 ignia

326 432 609 498 multaque
643 428 880 498 perfigit,
917 445 1041 482 cum
1077 443 1305 494 corpora
1339 425 1581 479 fulminis
1614 424 1733 492 ipsa
1963 437 2037 476 350

326 506 647 578 corporibus
681 520 867 558 rerum
901 503 1230 571 inciderunt,
1267 519 1378 572 qua
1411 504 1568 556 texta
1601 503 1872 555 tenentur.

327 583 579 637 dissoluit
612 597 777 651 porro
810 580 971 635 facile
1006 596 1101 634 aes
1136 593 1438 646 aurumque
1471 580 1701 647 repente

327 657 731 723 confervefacit,
769 673 802 711 e
834 657 1019 726 parvis
1055 657 1186 726 quia
1218 656 1363 709 facta
1395 653 1606 708 minute

327 734 644 805 corporibus
677 734 759 788 vis
795 737 882 788 est
915 737 975 788 et
1008 732 1219 786 levibus
1254 749 1324 786 ex
1360 730 1659 797 elementia

327 827 468 880 quae
499 810 658 865 facile
691 809 1035 864 insinuantur
1072 812 1131 863 et
1167 808 1446 862 insinuata
1479 810 1711 877 repente
1965 819 2040 860 355

327 887 628 941 dissoluont
661 885 833 941 nodos
868 886 1044 939 omnis
1080 889 1141 940 et
1176 884 1352 939 vincla
1386 884 1654 938 relaxant.

329 967 699 1032 autumnoque
732 962 909 1030 magis
945 962 1121 1016 stellis
1156 960 1495 1030 fulgentibus
1530 963 1661 1028 apta

327 1040 639 1093 concutitur
671 1038 809 1093 caeli
845 1038 1040 1092 domus
1075 1038 1321 1106 undique
1355 1040 1584 1104 totaque
1616 1034 1798 1101 tellus,

331 1118 390 1169 et
423 1131 547 1169 cum
581 1118 831 1184 tempora
863 1131 924 1168 se
960 1115 1103 1168 veris
1140 1113 1393 1168 florentia
1426 1111 1690 1182 pandunt.

328 1191 531 1259 frigore
567 1191 712 1246 enim
748 1191 949 1246 desunt
984 1192 1141 1259 ignes
1178 1190 1440 1259 ventique
1476 1189 1656 1244 calore
1967 1201 2042 1241 seo

328 1267 590 1322 deficiunt
623 1284 804 1337 neque
840 1270 969 1321 sunt
1002 1271 1118 1321 tam
1157 1267 1328 1321 denso
1363 1281 1592 1336 corpore
1625 1265 1814 1326 nubes.

328 1343 710 1412 interutraque
745 1343 917 1411 igitur
952 1361 1077 1398 cum
1112 1343 1251 1398 caeli
1286 1347 1538 1411 tempora
1571 1345 1836 1407 constant,

329 1423 449 1475 tum
481 1421 663 1475 variae
696 1436 891 1474 causae
926 1424 1258 1475 concurrunt
1292 1419 1533 1473 fulminis
1566 1434 1767 1473 omnes.

329 1512 455 1550 nam
489 1497 664 1551 fretus
699 1496 817 1566 ipse
851 1497 980 1551 anni
1014 1498 1311 1567 permiscet
1344 1496 1519 1565 frigus
1550 1502 1603 1549 et
1636 1498 1864 1563 aestum,

329 1588 558 1641 quorum
572 1576 866 1643 utrumque
881 1590 1015 1642 opus
1029 1577 1116 1628 est
1130 1573 1453 1629 fabricanda
1466 1571 1538 1626 ad
1551 1571 1781 1626 fulmina
1793 1571 1942 1639 nubi,
1964 1586 2039 1625 365

329 1652 395 1703 ut
429 1648 700 1703 discordia
732 1650 809 1703 sic
842 1666 1027 1704 rerum
1062 1667 1370 1720 magnoque
1405 1648 1645 1704 tumultu

327 1724 546 1792 ignibus
581 1728 641 1780 et
674 1725 852 1779 ventis
884 1725 1215 1781 furibundus
1250 1727 1479 1781 fluctuet
1513 1742 1622 1780 aer.

328 1801 509 1871 prima
542 1801 735 1854 caloris
771 1801 915 1855 enim
949 1819 1080 1871 pars
1115 1806 1176 1857 et
1209 1805 1489 1872 postrema
1522 1801 1731 1870 rigoris,

330 1880 552 1946 tempus
586 1875 647 1930 id
682 1879 770 1931 est
804 1892 1062 1942 vernum3
1096 1894 1268 1946 quare
1302 1895 1549 1947 pugnare
1582 1880 1861 1932 necessest

208 2001 217 2011 .
330 1952 611 2007 dissimilis
648 1969 738 2006 res
770 1952 916 2006 inter
952 1970 1012 2008 se
1046 1954 1387 2024 turbareque
1420 1954 1636 2008 mixtas.
1965 1966 2040 2007 wo

330 2031 391 2083 et
425 2029 572 2084 calor
606 2032 891 2083 extremus
924 2031 1102 2099 primo
1140 2047 1266 2085 cum
1300 2031 1506 2099 frigore
1541 2029 1748 2084 mixtus

331 2104 585 2174 volvitur,
622 2104 872 2159 autumni
909 2106 1058 2173 quod
1092 2108 1270 2161 fertur
1303 2106 1522 2161 nomine
1556 2109 1790 2176 tempus,

329 2180 418 2234 hic
454 2197 671 2251 quoque
707 2182 1009 2252 confligunt
1042 2183 1252 2238 hiemes
1286 2181 1586 2238 aestatibus
1621 2197 1790 2236 acres.

330 2261 628 2326 propterea
647 2259 812 2324 freta
847 2263 978 2315 sunt
1010 2260 1147 2316 haec
1183 2260 1313 2314 anni
1347 2258 1737 2327 nominitanda,

330 2349 433 2386 nec
465 2334 734 2404 mirumst,
769 2336 826 2390 in
861 2354 929 2392 eo
964 2338 1012 2393 si
1048 2341 1301 2408 tempore
1335 2336 1571 2407 plurima
1603 2335 1747 2390 fiunt
1970 2347 2042 2388 875

331 2409 560 2463 fulmina
594 2413 1005 2483 tempestasque
1040 2415 1225 2470 cietur
1259 2411 1482 2467 turbida
1514 2411 1679 2479 caele,

331 2485 554 2554 ancipiti
590 2488 844 2554 quoniam
879 2490 1024 2544 bello
1059 2491 1320 2545 turbatur
1352 2489 1648 2557 utrimque,

333 2560 461 2615 hinc
497 2560 729 2624 flammis
761 2563 913 2620 illinc
948 2568 1128 2621 ventis
1162 2582 1463 2635 umoreque
1499 2565 1686 2619 mixt0.

405 2636 529 2690 Hoc
561 2641 648 2691 est
682 2637 899 2706 igniferi
933 2647 1186 2697 naturam
1220 2642 1462 2697 fulminis
1496 2642 1672 2711 ipsam

329 2712 643 2782 perspicere
679 2717 739 2768 et
775 2733 884 2785 qua
916 2719 970 2773 vi
1005 2720 1172 2774 faciat
1206 2737 1326 2774 rem
1362 2734 1634 2788 quamque
1668 2715 1874 2784 videre,
1965 2731 2041 2769 380

330 2806 439 2843 non
475 2788 753 2858 Tyrrhena
788 2797 939 2849 retro
973 2797 1281 2851 volventem
1318 2795 1560 2849 carmina
1593 2794 1800 2847 frustra

330 2865 535 2920 indicia
569 2867 815 2924 occultae
851 2871 1035 2927 divum
1072 2874 1393 2943 perquirere
1427 2871 1644 2939 mentis,

330 2942 479 2996 unde
512 2942 699 2997 volans
734 2945 875 3014 ignis
910 2951 1225 3019 pervenerit
1259 2953 1357 3004 aut
1390 2948 1448 3003 in
1483 2951 1665 3002 utram
1701 2962 1762 3001 sc

332 3018 565 3106 verterit
598 3017 723 3074 hine
757 3026 978 3092 partim,
1014 3043 1121 3096 quo
1157 3029 1319 3095 pacto
1353 3042 1455 3096 per
1489 3025 1607 3078 loca
1641 3025 1835 3093 saepta

332 3093 631 3182 insinuarit,
666 3100 726 3151 et
759 3099 885 3156 hinc
921 3102 1233 3157 dominatus
1268 3105 1334 3157 ut
1369 3101 1628 3156 extulerit
1663 3116 1737 3169 se,
1967 3113 2040 3152 88⁵

333 3169 536 3239 quidve
569 3187 768 3230 nocere
803 3183 971 3248 queat
1007 3179 1079 3234 de
1112 3179 1265 3235 caclo
1299 3178 1538 3233 fulminis
1570 3177 1728 3236 inus.
