2259 3442
1131 105 1201 161 II
1214 105 1242 162 1
1964 101 2042 160 85

336 210 596 280 optineat,
616 208 737 264 sed
771 209 865 278 qui
901 209 1072 264 terrai
1107 209 1282 262 totius
1316 207 1522 274 orbem,

336 305 445 342 non
479 292 664 342 tamen
699 290 984 340 aeternum
1017 285 1227 354 poterit
1261 284 1506 353 perferre
1542 282 1787 337 dolorem
1974 297 2047 335 990

335 381 438 419 nec
472 365 740 433 praebere
773 362 957 417 cibum
992 363 1215 433 proprio
1253 362 1323 416 de
1358 377 1584 430 corpore
1621 374 1854 428 semper.

337 441 436 495 sed
474 441 658 508 Tityos
693 438 851 493 nobis
885 438 975 492 hic
1010 442 1111 506 est,
1146 440 1201 492 in
1237 455 1424 493 amore
1458 439 1726 493 iacentem

338 533 503 585 quem
538 515 782 571 volucres
816 515 1060 568 lacerant
1094 519 1264 584 atque
1298 517 1454 568 exest
1489 513 1687 568 anxius
1719 529 1890 582 angor

336 595 436 646 aut
470 592 578 646 alia
613 591 805 661 quavis
840 590 1098 645 scindunt
1135 591 1440 659 cuppedine
1475 606 1653 645 curae.

338 667 601 738 Sisyphus
633 669 692 723 in
728 668 840 722 vita
877 683 1094 735 quoque
1132 667 1290 720 nobis
1325 671 1454 722 ante
1489 666 1673 720 oculos
1709 668 1798 720 est
1970 678 2045 718 995

340 745 434 815 qui
469 747 660 814 petere
694 762 729 799 a
762 743 963 814 populo
999 744 1178 798 fasces
1212 760 1510 813 saevasque
1545 760 1766 799 secures

336 820 556 876 imbibit
591 825 651 876 et
687 837 905 890 semper
939 820 1117 874 victus
1152 820 1436 887 tristisque
1471 819 1696 875 recedit.

337 914 467 951 nam
488 900 681 966 petere
702 897 994 966 imperium
1020 896 1172 965 quod
1194 897 1411 949 inanest
1433 914 1534 950 nec
1556 897 1722 950 datur
1745 909 2021 964 umquam,

338 977 508 1043 atque
543 974 599 1027 in
634 991 699 1028 eo
736 989 952 1041 semper
989 972 1189 1026 durum
1227 971 1456 1024 sufferre
1492 971 1751 1039 laborem,

338 1048 441 1102 hoc
476 1052 563 1103 est
597 1048 827 1102 adverso
862 1049 1143 1101 nixantem
1179 1046 1407 1100 trudere
1442 1051 1628 1101 monte
1951 1061 2046 1100 1000

341 1140 530 1177 saxum
570 1124 719 1192 quod
754 1126 940 1177 tamen
976 1140 1004 1176 0
1040 1139 1252 1176 summo
1290 1122 1398 1175 iam
1435 1123 1640 1176 vertice
1674 1139 1863 1176 rusum

339 1200 576 1253 volvitur
611 1202 671 1253 et
704 1200 852 1268 plani
886 1199 1089 1268 raptim
1123 1198 1269 1267 petit
1303 1215 1542 1273 aequora
1574 1198 1763 1267 campi.

340 1275 539 1330 deinde
575 1276 742 1329 animi
777 1277 1047 1344 ingratam
1084 1278 1337 1328 naturam
1374 1291 1597 1343 pascere
1634 1269 1849 1343 s‘emper

339 1355 510 1420 atque
546 1352 771 1423 explere
805 1352 963 1406 bonis
1000 1350 1166 1406 rebus
1204 1351 1514 1421 satiareque
1550 1368 1863 1419 numquam,

340 1428 493 1498 quod
526 1429 734 1484 faciunt
769 1429 927 1484 nobis
962 1445 1226 1483 annorum
1262 1435 1525 1498 tempora,
1559 1428 1760 1482 circum
1953 1442 2047 1480 1005

340 1522 464 1559 cum
500 1504 736 1560 redeunt
771 1506 1025 1574 fetusque
1060 1506 1247 1559 ferunt
1282 1506 1569 1575 variosque
1606 1504 1834 1573 leporeS,

342 1597 443 1635 1100
477 1585 664 1636 tamen
702 1582 987 1651 explemur
1022 1580 1157 1636 vitai
1191 1582 1459 1636 fructibus
1495 1599 1768 1651 uinquam,

341 1657 460 1724 hoc,
497 1661 562 1712 ut
597 1660 799 1727 opinor,
839 1658 896 1713 id
933 1662 1034 1727 est,
1070 1675 1204 1713 aevo
1240 1659 1485 1713 florente·
1504 1659 1713 1728 puellas

342 1734 492 1802 quod
528 1738 836 1789 memorant
870 1734 1089 1788 laticem
1124 1738 1411 1802 pertusum
1448 1752 1741 1802 congerere
1776 1735 1830 1788 iu
1863 1751 1975 1800 va9‚

342 1810 492 1878 quod
526 1813 714 1863 tamen
751 1810 963 1878 expleri
997 1810 1147 1862 nulla
1181 1811 1393 1863 ratione
1427 1814 1692 1878 potestur.
1952 1825 2049 1865 1010

343 1885 617 1940 Cerberus
653 1888 712 1938 et
746 1884 924 1938 furiae
957 1885 1066 1937 iam
1101 1900 1232 1937 vero
1268 1887 1326 1938 et
1360 1885 1498 1938 111018
1533 1890 1750 1952 egestas

1156 1977 1186 2009 τὶς

342 2035 605 2091 Tartarus
639 2035 936 2091 horriferos
971 2039 1230 2090 eructans
1264 2035 1515 2090 faucibus
1548 2040 1748 2105 aestus,

341 2114 436 2182 qui
470 2129 649 2181 neque
685 2115 813 2167 sunt
846 2130 1075 2182 usquam
1107 2128 1209 2166 nec
1243 2115 1473 2180 possunt
1508 2129 1628 2167 esse
1664 2114 1922 2182 profecto.

341 2189 442 2244 sed
477 2193 657 2244 metus
689 2190 747 2245 in
782 2190 897 2244 vita
932 2205 1229 2259 poenarum
1262 2205 1364 2258 pro
1399 2189 1540 2243 male
1574 2189 1734 2244 factis

1946 2180 1987 2187 ...0-

1954 2191 2021 2201 ..ι-

342 2271 428 2321 est
462 2266 764 2335 insignibus
800 2266 1039 2334 insigniti,
1075 2266 1404 2335 scelerisque
1439 2266 1617 2333 1110110,
1954 2282 2050 2322 1015

341 2359 527 2398 carcer
561 2347 619 2397 et
655 2342 929 2397 horribilis
963 2343 1038 2397 de
1074 2359 1204 2398 saxo
1239 2343 1402 2398 iactu'
1439 2342 1710 2410 deorsum,

342 2419 571 2474 verbera
605 2420 886 2474 carnifices
922 2419 1091 2474 robur
1124 2421 1220 2489 pix
1256 2420 1517 2474 lammina
1553 2421 1778 2487 tacdae3
1996 2456 2057 2488 ,f

343 2511 485 2566 quae
520 2500 705 2549 tamen
740 2496 848 2550 etsi
883 2496 1098 2562 absunt,
1136 2501 1196 2551 at
1229 2513 1385 2550 mens
1422 2497 1527 2551 sibi
1563 2498 1777 2551 conscia
1809 2497 1972 2552 factis

341 2575 728 2641 praemetuens
762 2571 989 2626 adhibet
1025 2573 1277 2626 stimulos
1311 2577 1600 2642 terretque
1637 2573 1865 2642 flagellis

338 2664 440 2702 nec
475 2646 630 2701 videt
664 2647 876 2701 interea
913 2649 1007 2715 qui
1044 2650 1315 2703 terminus
1354 2667 1476 2704 0880
1511 2651 1779 2704 malorum
1954 2664 2048 2702 1020

339 2724 517 2793 possit
551 2740 651 2779 nec
688 2740 830 2792 quae
868 2724 941 2777 sit
976 2741 1277 2793 poenarum
1315 2725 1557 2796 denique
1594 2726 1717 2780 finis

342 2804 511 2870 atque
536 2799 731 2853 eadem
757 2800 957 2855 metuit
980 2801 1156 2868 magis
1180 2801 1315 2856 11000
1338 2819 1408 2856 110
1433 2803 1488 2855 111
1514 2807 1693 2857 morte
1709 2807 2049 2870 gravescant.

341 2875 429 2930 hic
467 2875 773 2930 Acherusia
808 2876 873 2930 fit
910 2876 1205 2931 stultorum
1244 2877 1485 2947 denique
1521 2879 1649 2933 vita.

418 2952 538 3006 IIoc
574 2953 743 3007 etiam
778 2953 884 3007 tibi
920 2957 1043 3007 tute
1078 2952 1228 3007 inter
1264 2953 1396 3007 dum
1432 2954 1616 3009 dicere
1651 2957 1829 3024 possis

338 3028 571 3082 ‘lumina
607 3029 680 3082 sis
716 3029 886 3084 oculis
921 3030 1089 3084 etiam
1124 3029 1300 3085 bonus
1336 3032 1513 3086 Aneu’
1551 3031 1775 3100 reliquit
1953 3044 2048 3084 1031Ξ

345 3105 438 3174 (1111
472 3105 662 3161 melior
697 3106 886 3161 multis
922 3123 1087 3176 quam
1123 3110 1188 3162 tu
1222 3107 1344 3175 fuit,
1382 3107 1648 3177 improbe,
1683 3106 1865 3161 rebus.

344 3180 474 3235 inde
510 3181 600 3236 alii
637 3183 795 3241 multi
834 3201 993 3251 reges
1027 3201 1324 3255 rerumque
1359 3188 1613 3253 potentes
