2259 3442
1112 90 1299 144 xxxvii

346 229 495 284 hune
545 244 782 297 versum,
830 227 915 281 ita
964 227 1265 281 formatum
1330 224 1635 280 Concidere
1695 232 1747 279 ec
1791 240 2061 294 spumam

345 323 412 369 ut
434 331 487 385 q.
508 333 584 370 m.
609 333 686 368 m.
713 333 771 382 3.,
797 299 924 383 posi.
949 319 1044 368 801
1072 329 1270 381 parum
1294 314 1425 381 apte
1450 310 1735 365 collocavit,
1758 311 2061 365 Lachman-

344 419 465 456 nus.

451 492 554 542 804
576 503 677 555 pro
696 487 898 540 domus
930 485 1060 539 libri
1097 498 1342 540 nonnus
1386 500 1487 552 pro
1506 484 1809 550 fervidior
1843 484 1931 537 vis
1965 483 2060 537 ob-

323 570 541 638 longus
587 574 647 624 et.
695 569 828 624 Itali
878 584 1125 623 mmmm
1173 583 1381 623 smwm.
1454 568 1760 637 quadratus
1810 582 2058 631 EERva

347 669 561 708 FERVIS.
608 671 732 709 cum
764 654 947 708 omnia
976 654 1064 709 hic
1091 654 1454 709 incertissima
1477 654 1602 722 sint,
1630 654 2053 723 Lachmannum,

343 744 409 795 ub
430 756 532 809 par
554 743 688 806 erat,
704 743 925 794 secutus
950 756 1083 794 sum.
1116 750 1470 809 'quamquam
1494 738 1645 793 haud
1669 741 1779 793 scio
1803 756 1874 793 an
1899 757 2056 809 prae-

344 831 458 882 stet
482 827 632 897 quod
656 828 968 896 Madvigius
991 827 1142 897 apud
1167 827 1524 887 Henrichseu.
1560 826 1632 880 de
1656 827 1910 897 Gottorp.
1935 827 2053 881 cod.

344 930 397 982 p.
421 916 488 971 37
526 914 772 982 coniecit,
795 916 880 968 At
913 931 953 968 c.
978 931 1054 968 m.
1080 913 1321 967 domam
1346 912 1660 981 p.,fervida
1681 912 1882 978 febris,
1925 915 2055 966 ante

344 1015 470 1052 eum
495 999 792 1067 Lambinus
816 999 1069 1053 hominis
1082 1016 1143 1066 p.
1156 1000 1397 1064 ‚fervida
1416 999 1619 1063 sobria
1680 999 2054 1053 Wakefieldus

345 1084 544 1137 domu-3
557 1084 888 1152 psarz-ida,
913 1084 1108 1157 nervis
1139 1083 1299 1136 Tum.
1337 1082 1756 1136 scribendumne
1772 1083 2053 1152 firvidu’,

343 1169 540 1223 nervis
573 1169 725 1222 Tum
740 1169 770 1221 ?
942 1216 949 1221 .

448 1259 552 1308 818
582 1254 709 1308 libri
742 1253 1046 1308 rectissime
1078 1270 1162 1309 ΕΤ.
1233 1253 1613 1310 Lachmannus
1636 1273 1715 1323 ea,
1741 1259 1836 1327 qui
1860 1259 1970 1313 iam
1994 1260 2052 1313 in

344 1344 556 1409 septem
580 1342 666 1395 vel
691 1346 814 1396 octo
838 1342 971 1396 locis
995 1342 1295 1396 sanissimis
1318 1350 1371 1397 et
1392 1360 1493 1412 pro
1513 1344 1689 1399 etiam
1714 1345 1886 1401 eiecit.
1935 1358 1941 1363 ’

451 1428 584 1481 Post
615 1433 716 1483 839
751 1428 1018 1482 excidisse
1050 1429 1331 1499 archetypi
1363 1430 1621 1483 schedam
1654 1430 2050 1486 demonstravit

344 1512 737 1582 Lachmannus‚
763 1514 916 1585 cuius
942 1518 1160 1584 partem
1189 1514 1361 1569 fuisse
1396 1516 1594 1570 statuit
1628 1520 1892 1585 quattuor
1925 1517 2048 1571 bre-

343 1599 432 1651 via
471 1614 724 1652 versuum
763 1599 1090 1668 fiagmenta.
1140 1617 1210 1657 ex
1238 1600 1308 1654 iis
1338 1601 1442 1655 hoc
1473 1606 1626 1656 certe
1662 1602 2050 1657 Lucretianum

343 1681 576 1748 videtur,
625 1681 763 1736 Non
808 1684 961 1737 mihi
1007 1685 1062 1739 si
1115 1685 1347 1752 linquae
1402 1693 1628 1740 centum
1673 1687 1794 1740 sint
1838 1703 2047 1755 oraque

342 1774 581 1832 centum,
597 1767 785 1821 Aerea
801 1785 939 1833 vox;
957 1786 1125 1837 quem
1142 1771 1398 1823 tamenin
1421 1775 1677 1840 poemate
1701 1773 2047 1842 occupaverib

343 1851 533 1914 locum,
556 1868 656 1919 pro
680 1855 830 1906 certo
854 1852 963 1906 dici
986 1870 1095 1907 non
1116 1858 1319 1923 potest.

434 1941 550 2006 ι842
583 1935 711 1989 libri
744 1948 1013 1992 PROPRIR
1076 1938 1404 2007 Bernaysius
1422 1941 1677 2009 proprii.
1751 1942 2048 1998 Lachman-

344 2035 446 2071 nus
469 2035 592 2072 cum
617 2018 701 2072 ed.
729 2019 878 2073 Iunt.
893 2037 1155 2090 propere.
2045 2076 2052 2083 .

448 2110 550 2159 899
597 2121 698 2173 pro
734 2121 1018 2162 mmmm
1059 2123 1184 2162 cum
1232 2109 1532 2180 Bernaysio
1574 2113 1766 2182 scripsi
1806 2114 2046 2170 latentis,

345 2191 723 2247 Lachmannus
748 2194 999 2262 tepentis.

413 2285 565 2402 t909.
621 2296 723 2349 pro
747 2280 1012 2335 librorum
1037 2296 1213 2336 omns
1239 2282 1613 2340 Lachmannus
1634 2285 1738 2355 hic,
1762 2289 1829 2341 ut.
1856 2301 1903 2340 11
1927 2289 2045 2355 387,

343 2365 412 2402 or
439 2367 491 2403 u.

445 2441 547 2489 935
572 2438 636 2490 cf.
661 2437 735 2490 ad
760 2453 819 2490 1v
844 2442 960 2493 229.

449 2524 565 2588 957,
606 2522 701 2589 qui
739 2523 796 2574 in
838 2524 1114 2578 codicibus
1154 2532 1256 2580 954
1294 2526 1558 2596 sequitur,
1598 2529 1656 2582 in
1693 2530 1836 2585 hunc
1867 2531 2043 2586 locum

342 2606 618 2659 transtuli.
679 2606 878 2660 deinde
905 2614 1004 2663 953
1028 2626 1127 2678 pro
1153 2626 1562 2667 ΤΕΜΡΕΒΤΑΤΕΜ
1597 2615 1788 2683 scripsi
1818 2623 2043 2685 tempes-

342 2699 513 2757 tatem
550 2709 652 2761 pro
676 2707 888 2746 ccom'A
918 2701 1147 2748 coortae.
1205 2695 1325 2749 iure
1369 2714 1458 2751 me
1507 2698 1588 2752 ita
1635 2699 1829 2754 fecisse
1857 2717 2043 2770 agnos-

341 2783 447 2846 cet,
471 2779 565 2848 qui
600 2795 724 2833 cum
743 2778 828 2832 his
852 2795 1042 2833 versus
1071 2786 1205 2836 1098
1230 2799 1349 2852 sqq.
1397 2800 1722 2855 componere
1743 2787 1905 2843 volet.
1976 2789 2042 2843 ef.

342 2882 462 2920 ann.
488 2865 619 2934 phil.
646 2865 800 2921 Cant.
826 2881 848 2919 1
871 2883 924 2935 p.
950 2873 1030 2922 41.
1095 2870 1108 2896 ‘
1124 2872 1509 2939 tempestates’
1546 2875 1626 2929 ait
1656 2879 1836 2945 poeta,
1862 2878 1877 2904 ‘
1892 2880 2043 2931 terra

343 2956 402 3007 ct,
438 2953 588 3008 caelo
622 2957 863 3027 coortae,
896 2972 930 3010 a
967 2960 1120 3012 terra
1161 2958 1218 3012 in
1258 2961 1484 3031 caelum,
1521 2979 1556 3017 a
1585 2964 1734 3017 caelo
1769 2965 1826 3017 in
1864 2967 2041 3018 terras

343 3041 628 3096 venientes
651 3045 914 3114 saeviunt,
940 3049 999 3100 et
1030 3062 1154 3099 cum
1186 3048 1272 3101 his
1304 3048 1464 3102 simul
1496 3050 1747 3103 morbida
1782 3050 1879 3116 vis,
1918 3066 2040 3102 cum

343 3124 680 3180 extrinsecus
719 3145 750 3180 e
789 3130 953 3194 caelo,
994 3133 1057 3183 ut
1093 3131 1269 3186 nubes
1307 3133 1664 3202 nebulaeque,
1707 3133 2040 3186 insinuatur’.
