2259 3442
1115 103 1209 160 VI
1918 105 2031 162 185

314 228 457 279 quae
492 226 796 264 memorare
831 226 1028 279 queam
1062 210 1212 263 inter
1245 227 1305 265 se
1340 210 1652 278 singlariter
1684 207 1832 280 apta.

316 303 450 340 saxa
484 286 637 341 vides
674 288 912 357 primum
947 286 1065 340 sola
1099 287 1375 342 colescere¹
1405 287 1567 343 ealce.

316 362 529 431 glutine
563 364 822 418 materies
855 363 1072 417 taurino
1107 363 1354 432 iungitur
1386 381 1512 433 une,

317 442 381 492 ut
416 440 549 494 vitio
586 456 760 494 venae
794 440 1105 494 tabularum
1142 442 1361 511 saepius
1395 442 1612 497 hiscant
1936 451 2034 494 1070

318 535 480 587 quam
517 518 704 573 laxare
738 524 944 587 queant
978 537 1269 591 compages
1302 526 1494 577 taurea
1529 520 1720 576 vinela.

316 595 542 663 vitigeni
577 594 766 650 latices
787 596 969 685 ‘aqiiai
1002 597 1249 651 fontibus
1282 598 1490 651 audent

317 671 549 740 misceri,
585 689 710 725 cum
745 673 839 742 pix
874 669 1114 742 nequeat
1148 672 1332 742 gravis
1367 678 1426 729 et
1459 674 1579 728 leve
1613 672 1826 727 olivom.

314 764 735 819 purpureusque
768 750 915 805 colos
950 750 1195 819 conchyli
1227 751 1473 830 iungitur
1506 768 1616 805 uno
1680 762 1687 770 ·

316 841 544 894 corpere
567 842 693 881 cum
716 826 888 895 lanae,
912 828 1098 881 dirimi
1121 828 1217 896 qui
1241 845 1351 881 non
1374 832 1542 898 queat
1563 842 1812 897 usquam,
1936 838 2036 880 1075

317 917 425 956 non
461 902 507 955 si
543 904 791 973 Neptuni
826 905 998 960 fluctu
1034 922 1299 959 renovare
1334 923 1557 974 operam
1591 904 1710 972 des,

316 993 437 1043 non,
473 995 626 1033 mare
662 980 709 1033 si
745 984 925 1035 totum
962 983 1097 1036 velit
1129 981 1320 1036 eluere
1352 983 1605 1035 omnibus
1639 978 1819 1033 undis.

316 1052 555 1123 denique
588 1072 697 1110 non
731 1073 865 1109 auro
899 1074 990 1111 res
1024 1073 1221 1111 aurum
1256 1058 1479 1127 copulat
1511 1073 1622 1110 una

316 1130 539 1200 aerique
573 1148 668 1187 aes
702 1133 926 1202 plumbo
942 1154 945 1158 ’
961 1134 1027 1188 fit
1061 1135 1147 1187 uti
1181 1134 1443 1202 iungatur
1474 1132 1548 1187 ab
1582 1133 1743 1187 albo?

313 1210 502 1262 cetera
536 1209 646 1262 iam
680 1225 857 1278 quam·
878 1210 1052 1265 multa
1086 1211 1218 1265 licet
1250 1212 1521 1280 reperire!
1555 1209 1696 1277 quid
1728 1208 1898 1277 ergo?
1937 1221 2035 1262 lom

318 1300 420 1337 nec
454 1285 558 1338 tibi
593 1290 711 1339 tam
744 1286 923 1354 longis
958 1303 1095 1355 opus
1126 1291 1219 1341 est
1253 1287 1573 1355 ambagibus
1608 1301 1854 1354 usquam,

316 1377 418 1414 nee
453 1378 541 1415 me
575 1366 692 1415 tam
726 1363 955 1417 multam
990 1363 1079 1417 hic
1110 1379 1338 1432 operam
1373 1379 1694 1418 consumere
1729 1377 1831 1432 par
1864 1364 1967 1427 est,

317 1436 418 1490 sed
450 1436 692 1492 breviter
728 1440 916 1508 paucis
951 1444 1200 1510 praestat
1228 1440 1630 1511 comprendere
1665 1438 1852 1492 multa.

317 1529 550 1580 quorum
583 1515 666 1569 ita
700 1518 956 1569 texturae
984 1516 1312 1571 ⁴ceciderunt
1345 1521 1539 1572 mutua
1574 1519 1781 1581 contra,

315 1594 382 1643 ut
417 1606 550 1644 cava
584 1592 910 1647 conveniant
944 1593 1121 1663 plenis
1156 1593 1292 1648 haec
1327 1593 1473 1648 illius
1506 1591 1601 1648 illa
1939 1605 2035 1645 1085

315 1663 585 1735 huiusque
619 1667 767 1723 inter
801 1684 876 1736 se,
911 1670 1167 1725 iunctura
1201 1669 1336 1724 haec
1371 1670 1581 1739 optima
1614 1671 1845 1724 constat.

314 1747 403 1797 est
439 1744 624 1811 etiam,
661 1745 819 1814 quasi
852 1749 918 1799 ut
950 1746 1145 1800 anellis
1178 1745 1468 1814 hamisque
1500 1747 1705 1815 plicata

315 1820 464 1873 inter
499 1836 561 1874 se
596 1820 868 1910 quaedam
900 1821 1116 1889 possint
1150 1822 1367 1890 coplata
1400 1823 1606 1887 teneri;

318 1897 469 1965 quod
505 1897 679 1967 magis
712 1897 771 1950 in
803 1896 991 1968 lapide
1024 1896 1130 1951 hoe
1164 1897 1285 1951 fieri
1318 1887 1579 1966 ferroque
1612 1896 1846 1950 videtur.

313 2017 318 2026 .
391 1974 442 2027 N
445 1990 551 2029 unc
585 1973 729 2028 ratio
762 1990 904 2043 quae
938 1974 1011 2028 sit
1044 1972 1253 2027 morbis
1288 1977 1386 2028 aut
1417 1973 1567 2027 unde
1601 1976 1833 2041 repente
1940 1987 2036 2027 1090

319 2051 658 2105 mortiferam
694 2050 871 2121 possit
902 2050 1116 2104 cladem
1150 2049 1389 2104 conflare
1421 2052 1612 2103 coorta

320 2127 574 2181 morbida
607 2127 690 2181 vis
724 2127 1004 2181 hominum
1038 2127 1228 2195 generi
1261 2127 1645 2196 pecudumque
1674 2126 1930 2194 catervis,

322 2204 625 2273 expediam.
658 2204 896 2272 primum
929 2203 1227 2257 multarum
1265 2205 1472 2257 semina
1504 2219 1692 2257 rerum

324 2296 445 2335 esse
481 2297 646 2349 supra
681 2280 844 2335 docui
880 2296 1022 2350 quae
1052 2280 1170 2334 sint
1204 2279 1394 2334 vitalia
1428 2279 1599 2347 nobis,

319 2360 381 2411 et
415 2361 609 2411 contra
641 2375 782 2425 quae
817 2357 929 2412 sint
961 2357 1156 2411 morbo
1188 2356 1467 2424 mortique
1500 2359 1779 2411 necessest
1941 2371 2037 2411 1005

323 2435 497 2488 multa
530 2434 727 2488 volare.
760 2451 833 2489 ea
866 2451 991 2489 cum
1026 2451 1159 2489 casu
1193 2436 1324 2488 sunt
1356 2434 1501 2488 forte
1537 2438 1722 2488 coorta

323 2514 383 2564 et
416 2510 812 2577 perturbarunt
845 2511 1073 2578 caelum,
1106 2511 1174 2565 fit
1210 2510 1495 2565 morbidus
1526 2527 1639 2564 aer.

322 2590 489 2656 atque
525 2604 592 2641 ea
625 2588 709 2641 vis
742 2588 915 2640 omnis
949 2587 1267 2641 morborum
1302 2587 1687 2658 pestilitasque

321 2668 419 2717 aut
453 2664 795 2718 extrinsecus
828 2669 893 2719 ut
926 2664 1101 2718 nubes
1137 2664 1477 2735 nebulaeque
1514 2680 1750 2732 superne

323 2757 423 2810 per
458 2741 666 2796 eaelum
702 2741 945 2810 veniunt,
980 2744 1077 2796 aut
1110 2742 1233 2812 ipsa
1261 2758 1432 2813 saepe
1463 2744 1685 2797 coortae
1941 2757 2038 2796 1100

324 2816 396 2871 ‹le
430 2820 581 2873 terra
616 2822 863 2887 surgunt,
898 2819 994 2873 ubi
1030 2821 1288 2889 putorem
1321 2818 1511 2874 umida
1544 2820 1760 2874 nactast

323 2894 724 2964 intempestivis
758 2896 1064 2966 pluviisque
1098 2899 1159 2952 et
1192 2897 1397 2952 solibus
1431 2896 1557 2951 icta.

325 2987 503 3026 nonne
538 2971 692 3026 vides
727 2973 897 3027 etiam
932 2973 1068 3028 caeli
1103 2974 1347 3029 novitate
1383 2976 1443 3027 et
1475 2988 1739 3040 aquarum

324 3049 583 3117 temptari
621 3049 808 3119 procul
843 3067 878 3104 a
910 3051 1093 3120 patria
1127 3050 1459 3119 quicumque
1491 3048 1764 3117 domoque

326 3123 625 3179 adveniunt
655 3129 782 3184 ideo
820 3127 952 3196 quia
984 3126 1148 3194 longe
1185 3126 1544 3195 discrepitant
1576 3127 1701 3179 res?
1939 3137 2038 3178 1105

325 3217 452 3255 nam
488 3202 623 3270 quid
663 3204 940 3260 Brittanni
975 3202 1186 3258 caelum
1222 3202 1444 3257 differre
1477 3206 1749 3274 putamus,
