2259 3442
1144 104 1169 159 Ι
1926 112 2004 168 23

293 227 580 286 praeterea
615 210 990 281 quaecumque
1022 219 1059 262 e
1091 210 1246 262 terra
1279 223 1511 279 corpora
1542 216 1796 269 crescunt

296 293 345 347 si
381 295 509 346 sunt
542 291 599 343 in
634 288 818 355 terris,
853 289 1061 340 terram
1096 289 1348 340 constare
1382 292 1660 344 necessest

295 378 365 422 e'x
401 364 734 434 alienigenis,‚
771 380 913 433 quae
947 361 1112 417 terris
1149 363 1484 419 exoriuntur.

293 445 533 498 transfer
566 443 719 508 item,
754 440 988 495 totidem
1022 438 1205 492 verbis
1239 443 1399 494 utare
1434 441 1635 497 licebit.
1932 458 2007 499 870

293 520 354 574 in
388 520 550 589 lignis
586 519 634 573 si
670 518 888 571 flamma
923 516 1060 569 latet
1095 515 1386 585 fumusque
1420 518 1681 587 cinisque,

294 613 367 651 ex
401 595 720 665 alienigenis
755 592 1057 648 consistant
1090 592 1240 661 ligna
1273 598 1561 649 necessest.

292 676 583 743 practerea
616 671 783 727 tellus
816 686 959 741 quae
994 686 1225 739 corpora
1258 686 1492 741 cumque
1525 672 1641 739 alit,
1678 676 1847 743 auget

295 841 366 880 ex
400 825 731 895 alienigenis,
769 840 911 894 quae
946 782 1236 892 lignisffhis
1271 822 1536 880 oriuntur.

308 924 314 933 ·
368 903 659 971 Linquitur
694 902 781 956 hic
816 901 1087 970 quaedam
1122 899 1380 953 latitandi
1414 903 1574 970 copia
1607 904 1799 977 tenvis»,
1937 918 2010 959 876

295 978 357 1033 id
392 978 542 1049 quod
580 983 939 1045 Anaxagoras
976 976 1080 1029 sibi
1117 974 1303 1040 sumit,
1338 980 1403 1029 ut
1439 966 1730 1031 omnibus
1726 977 1904 1032 omnis

295 1071 387 1109 res
423 1059 585 1123 putet
619 1053 880 1107 inmixtas
914 1049 1081 1102 rebus
1116 1049 1356 1116 latitare,
1394 1051 1493 1104 sed
1527 1052 1667 1106 illud

297 1145 568 1199 apparere
602 1145 774 1181 unum
809 1126 964 1179 cuius
1001 1125 1112 1178 sint
1147 1091 1383 1192 plurim'a
1416 1126 1591 1180 mixta

299 1210 360 1258 et
397 1205 572 1271 magis
607 1203 665 1255 in
699 1204 962 1272 promptu
996 1199 1287 1269 primaque
1323 1200 1380 1255 in
1418 1202 1600 1258 fronte
1634 1203 1826 1260 locata.

302 1280 452 1348 quod
487 1283 672 1333 tamen
709 1296 742 1332 a
777 1293 907 1331 vera
941 1276 1100 1345 longe
1137 1276 1350 1334 ratione
1384 1279 1729 1350 repulsumst.
1939 1299 2013 1337 eso

301 1355 658 1411 conveniebat
694 1355 840 1410 enim
874 1353 1061 1424 fruges
1099 1372 1319 1425 quoque
1354 1374 1534 1429 saepe,
1571 1359 1768 1414 minaci

301 1432 498 1487 robore
535 1451 656 1488 cum
693 1434 809 1489 saxi
846 1434 1187 1503 franguntur,
1226 1434 1452 1493 mittere
1486 1438 1698 1508 signum

302 1510 577 1580 sanguinis
610 1516 707 1567 aut
742 1511 969 1582 aliquid,
1005 1516 1196 1568 nostro
1234 1531 1376 1584 quae
1412 1533 1640 1586 corpore
1675 1517 1929 1585 aluntur3

296 1603 419 1642 cum
455 1588 623 1658 lapidi
658 1589 899 1660 lapidem
941 1590 1190 1660 terimus,
1228 1608 1451 1647 manare
1489 1611 1753 1649 cruorem.

294 1665 558 1723 consimili
595 1668 807 1721 ratione
844 1667 1044 1722 herbas
1085 1685 1305 1737 quoque
1342 1684 1505 1737 saepe
1541 1669 1777 1726 decebat
1937 1681 2013 1720 885

292 1744 352 1797 et
385 1742 563 1799 laticis
598 1744 774 1798 dulcis
809 1747 998 1811 guttas
1040 1745 1316 1813 similique
1352 1761 1547 1812 sapore

291 1819 534 1887 mittere,
569 1820 844 1887 lanigerae
882 1819 1054 1887 qualis
1072 1822 1202 1872 sunt
1235 1818 1408 1870 ubere
1442 1817 1617 1884 lactis,
1773 1818 1820 1881 Ξ

292 1895 501 1948 scilicet
537 1897 597 1945 et
630 1893 806 1963 glebis
846 1896 1122 1944 terrarum
1162 1906 1329 1957 saepe
1362 1890 1540 1944 friatis
1825 1904 1889 1950 ας..

292 1968 592 2020 herbarum
627 1981 833 2032 genera
872 1966 932 2016 et
967 1963 1157 2028 fruges
1191 1962 1528 2029 frondesque
1562 1962 1740 2016 videri
1830 1960 1877 1969 '-

295 2040 589 2109 dispertita
624 2040 772 2091 inter
810 2041 1019 2091 terram
1060 2035 1283 2090 latitare
1319 2036 1545 2106 minute,
1943 2053 2017 2092 890

294 2119 576 2185 postremo
611 2116 667 2169 in
702 2113 865 2181 lignis
905 2112 1148 2166 cinerem
1188 2111 1510 2179 fumumque
1546 2112 1739 2182 videri,

296 2208 422 2246 cum
455 2193 766 2261 praefracta
800 2191 995 2256 forent,
1042 2188 1295 2260 ignisque
1331 2187 1505 2244 latere
1539 2188 1793 2246 minutos.

297 2285 531 2339 quorum
565 2269 642 2322 nil
678 2268 798 2323 fieri
836 2266 1097 2357 quoniam
1141 2267 1433 2322 manifesta
1467 2267 1633 2323 docet
1649 2285 1770 2343 rges,
1813 2336 1818 2341 ι

295 2346 435 2400 scire
468 2345 597 2400 licet
632 2363 741 2400 non
782 2362 904 2400 esse
938 2344 996 2398 in
1037 2344 1207 2400 rebus
1244 2364 1335 2401 res
1370 2345 1450 2400 ita
1467 2328 1700 2415 mixtas,

296 2439 488 2476 verum
523 2423 731 2477 semita
764 2422 1108 2477 multimodis
1149 2424 1381 2479 inmixta
1414 2423 1590 2478 latere
1941 2440 2016 2479 895

297 2498 594 2553 multarum
628 2517 811 2554 rerum
846 2502 902 2552 in
943 2498 1110 2554 rebus
1151 2501 1460 2555 communia
1494 2501 1713 2555 debent.
1824 2551 1829 2557 .

366 2577 474 2630 ‘At
510 2591 673 2644 saepe
706 2577 762 2629 in
798 2576 1007 2645 magnis
1042 2577 1108 2631 fit
1143 2578 1441 2633 montibus'
1476 2577 1657 2646 inquis
1694 2580 1785 2631 ‘ut
1820 2577 1947 2631 altis

295 2651 580 2707 arboribus
615 2653 791 2706 vicina
833 2654 1111 2707 cacumina
1149 2671 1360 2707 summa
1395 2657 1653 2707 terantur

295 2728 443 2783 inter
478 2745 553 2797 se,
587 2730 782 2784 validis
818 2731 1003 2785 facere
1043 2730 1104 2783 id
1142 2729 1464 2800 cogentibus
1497 2729 1715 2797 austris,

269 2805 473 2877 ‚donec
507 2806 745 2877 flammai
781 2808 1056 2862 fulserunt
1093 2807 1229 2863 flore
1262 2807 1476 2862 coorto?
1944 2823 2019 2861 900

297 2882 505 2937 scilicet
541 2888 600 2936 et
632 2882 740 2937 nofi
778 2888 865 2939 est
899 2885 1063 2953 lignis
1102 2890 1291 2939 tamen
1325 2883 1521 2937 insitus
1555 2882 1714 2952 ignis,

297 2974 487 3012 verum
527 2961 735 3014 semina
770 2965 899 3017 sunt
935 2961 1151 3016 ardoris
1185 2961 1373 3029 multa,
1409 2959 1641 3014 terendo

297 3038 437 3103 quae
479 3052 602 3089 cum
637 3037 964 3101 confluxere,
1003 3042 1195 3093 creant
1230 3035 1483 3092 incendia
1518 3036 1679 3091 silvis.

298 3112 448 3179 qnod
491 3113 536 3165 si
571 3113 717 3167 facta
751 3115 896 3170 foret
932 3116 1081 3171 silvis
1115 3114 1444 3171 abscondita
1477 3113 1712 3181 flamma,

303 3202 410 3242 non
448 3193 673 3257 possent
707 3190 875 3245 ullum
913 3196 1134 3263 tempus
1169 3193 1397 3249 celarier
1429 3192 1600 3259 ignes,
1944 3201 2019 3239 0⁰5
