2259 3442
287 107 394 164 164
1073 100 1171 157 VI

275 203 606 275 corporibus,
640 203 729 257 cui
764 203 841 256 nil
876 202 1094 256 omnino
1128 200 1398 256 obsistere
1432 202 1622 271 possit.

275 281 473 337 transit
507 280 654 334 enim
687 279 929 332 validum
962 277 1169 331 fulmen
1205 294 1309 347 per
1343 282 1532 346 saepta
1567 279 1879 348 domorum,

275 358 477 411 clamor
511 361 575 410 ut
608 372 672 409 ac
708 372 880 422 voces,
914 353 1115 408 transit
1150 370 1253 423 per
1289 370 1436 422 saxa,
1467 371 1571 423 per
1590 372 1747 423 aera,

274 437 334 488 et
367 432 632 501 liquidum
666 434 869 500 puncto
900 429 1033 484 facit
1067 446 1163 486 aes
1196 429 1254 484 in
1288 433 1538 499 tempore
1573 434 1633 484 et
1664 447 1881 497 aurum,
1928 447 2025 486 2³0

276 512 435 563 curat
470 509 605 561 item
640 508 784 560 vasis
818 506 1048 574 integris
1085 506 1214 559 vina
1246 510 1478 575 repente

278 584 581 652 diffugiant,
618 583 746 651 quia
778 581 1035 635 nimirum
1068 581 1230 637 facile
1264 582 1443 636 omnia
1476 582 1679 636 circum

279 661 530 714 conlaxat
565 676 797 728 rareque
832 659 967 713 facit
999 659 1323 714 lateramina
1356 658 1500 712 vasis

280 738 573 792 adveniens
605 736 753 790 calor
787 737 903 790 eius
938 740 997 790 et
1030 736 1335 789 insinuatus
1369 736 1428 788 in
1461 736 1640 804 ipsum

282 813 558 867 mobiliter
587 813 808 874 soluens
842 813 1029 867 differt
1060 811 1365 882 primordia
1395 811 1521 866 vini.
1918 827 2010 867 235

281 889 429 959 quod
462 890 588 944 solis
624 906 793 960 vapor
825 892 1065 944 aetatem
1097 905 1207 943 non
1234 905 1402 957 posse
1436 887 1657 942 videtur

282 967 494 1022 efficere
526 983 699 1036 usque
734 966 873 1020 adeo
906 965 1115 1035 pellens
1148 964 1368 1018 fervore
1401 980 1637 1018 corusco.

282 1047 439 1097 tanto
473 1042 724 1098 mobilior
758 1043 840 1096 vis
874 1047 934 1096 et
969 1041 1335 1096 dominantior
1369 1041 1504 1095 haec
1539 1044 1640 1094 est.

351 1120 512 1175 Nunc
546 1137 612 1175 ea
646 1136 755 1188 quo
789 1121 953 1188 pacto
986 1118 1282 1186 gignantur
1315 1121 1376 1171 et
1408 1119 1615 1186 impete
1648 1119 1805 1170 tanto

284 1196 418 1251 fiant
452 1199 516 1251 ut
550 1196 762 1264 possint
796 1195 913 1248 ictu
947 1193 1258 1247 discludere
1292 1193 1479 1262 turris,
1914 1210 2001 1250 24⁰

283 1273 594 1327 disturbare
629 1273 835 1338 domos,
870 1271 1105 1326 avellere
1139 1271 1296 1338 tigna
1329 1270 1640 1341 trabesque,

243 1356 344 1404 ..et
377 1350 707 1404 monimenta
739 1349 916 1401 virum
953 1346 1204 1402 demoliri
1240 1351 1409 1415 atque
1442 1364 1702 1414 cremare,

285 1426 593 1481 exanimare
627 1424 889 1491 homines,
923 1423 1163 1493 pecudes
1196 1428 1548 1493 prosternere
1581 1424 1799 1492 passim,

286 1508 471 1558 cetera
505 1502 575 1556 de
609 1516 809 1570 genere
844 1500 948 1555 hoc
982 1517 1092 1569 qua
1119 1500 1174 1554 vi
1208 1500 1390 1555 facere
1426 1501 1609 1554 omnia
1640 1500 1866 1569 possint,

285 1579 588 1649 expediam,
621 1595 798 1646 neque
822 1584 873 1632 te
906 1578 962 1630 in
996 1577 1278 1645 promissis
1311 1577 1472 1646 plura
1505 1577 1776 1631 morabor.
1914 1592 1994 1631 215

358 1655 603 1710 Fulmina
636 1653 853 1722 gignier
886 1670 919 1707 e
953 1654 1152 1707 crassis
1187 1653 1407 1721 alteque
1441 1653 1801 1722 putandumst

286 1733 520 1787 nubibus
555 1731 853 1795 extructis3
887 1746 1016 1784 nam
1049 1729 1202 1784 caelo
1239 1730 1387 1783 nulla
1421 1746 1615 1784 sereno

287 1827 385 1864 nec
417 1809 611 1874 leviter
646 1807 831 1862 densis
865 1806 1166 1862 mittuntur
1199 1806 1435 1860 nubibus
1468 1823 1742 1875 umquam.

290 1903 412 1939 uam
448 1885 615 1939 dubio
649 1884 835 1954 procul
870 1884 972 1938 hoc
1008 1882 1128 1936 fieri
1163 1882 1455 1937 manifesta
1491 1882 1653 1936 docet
1685 1898 1808 1950 res;

286 1961 434 2030 quod
467 1966 586 2016 tum
619 1978 721 2030 per
755 1963 934 2016 totum
970 1961 1325 2013 concrescunt
1360 1976 1489 2013 aera
1522 1958 1709 2024 nubes,
1914 1973 1989 2013 250

288 2038 529 2107 undique
564 2038 646 2091 uti
681 2037 939 2091 tenebras
972 2035 1150 2090 omnis
1188 2035 1511 2090 Acherunta
1544 2053 1764 2090 reamur

286 2113 504 2183 liquisse
538 2117 597 2168 et
632 2129 856 2179 magnas
891 2112 1026 2166 caeli
1061 2110 1362 2180 complesse
1398 2128 1672 2166 cavernas.

287 2206 459 2258 usque
494 2189 633 2243 adeo
668 2192 848 2243 taetra
884 2187 1193 2242 nimborum
1228 2192 1388 2242 noete
1423 2193 1613 2243 coorta

286 2264 584 2333 inpendent
618 2267 771 2318 atrae
805 2264 1112 2317 formidinis
1148 2280 1246 2317 ora
1282 2281 1533 2333 superne,

286 2357 408 2412 cum
441 2339 738 2393 commoliri
774 2343 1075 2407 tempestas
1108 2339 1336 2393 fulmina
1371 2344 1604 2410 coeptat.
1912 2354 1985 2393 255

288 2418 575 2485 praeterea
609 2430 875 2483 persaepe
907 2415 1063 2482 niger
1098 2431 1318 2483 quoque
1353 2431 1454 2484 per
1489 2433 1640 2471 mare
1675 2415 1903 2481 nimbus,

290 2497 350 2545 nt
384 2490 526 2561 picis
557 2507 589 2544 e
626 2489 774 2543 caelo
810 2490 1105 2544 demissum
1140 2489 1358 2560 fiumen,
1395 2491 1451 2544 in
1486 2493 1661 2546 undas

286 2569 361 2621 sic
397 2566 544 2621 eadit
578 2566 803 2621 effertus
836 2566 1079 2620 tenebris
1112 2567 1302 2635 procul
1338 2571 1396 2621 et
1431 2568 1605 2622 trahit
1638 2571 1816 2622 atram

283 2643 601 2698 fulminibus
634 2642 915 2712 gravidam
952 2646 1343 2711 tempestatem
1378 2647 1546 2713 atque
1582 2645 1850 2713 procellis,

286 2720 502 2789 ignibus
536 2737 599 2773 ac
635 2719 816 2773 ventis
851 2736 974 2773 cum
1010 2719 1201 2786 primis
1235 2719 1355 2787 ipse
1388 2720 1650 2788 repletus,
1916 2735 1987 2774 mo

285 2797 340 2849 in
376 2799 528 2851 terra
561 2813 779 2865 quoque
812 2797 878 2848 ut
910 2794 1232 2848 horrescant
1265 2810 1330 2848 ac
1363 2797 1513 2849 tecta
1547 2797 1845 2863 requirant.

286 2873 363 2927 sic
395 2871 568 2939 igitur
602 2888 802 2941 supera
837 2874 1085 2925 nostrum
1119 2874 1286 2939 caput
1321 2887 1442 2925 esse
1476 2872 1838 2940 putandumst

286 2951 673 3017 tempestatem
710 2948 894 3002 altam.
928 2964 1107 3016 neque
1143 2947 1287 3000 enim
1323 2947 1552 3014 mligine
1586 2951 1742 3002 tanta

286 3022 585 3076 obruerent
619 3027 814 3086 terras,
849 3023 953 3075 nisi
988 3022 1337 3075 inaedificata
1372 3038 1606 3088 superne

288 3093 462 3148 mult'a
493 3095 674 3148 forent
707 3096 899 3149 multis
934 3099 1193 3164 exempto
1228 3096 1415 3148 nubila
1450 3096 1592 3160 sole3
1917 3114 1987 3152 28⁵⁷

286 3187 385 3223 nec
419 3171 576 3221 tanto
610 3172 833 3235 possent
867 3170 1149 3222 venientes
1184 3170 1489 3235 opprimere
1523 3170 1703 3236 imbri,
