2259 3442
224 99 251 155 1
263 97 339 155 68
1040 90 1144 150 VI

219 200 369 269 quod
403 199 451 253 si
487 198 742 268 Iuppiter
775 199 944 267 atque
976 197 1068 252 alii
1101 197 1371 266 fulgentia
1404 190 1518 251 di'vi

218 275 462 331 terrifico
497 275 756 344 quatiunt
790 274 972 328 sonitu
1006 273 1266 328 caelestia
1296 272 1506 341 templa

218 356 279 407 et
314 352 520 407 iaciunt
556 352 738 419 ignem
774 367 881 420 quo
915 350 1208 419 quoiquest
1243 365 1478 418 cumque
1514 348 1784 418 voluptas,

218 446 318 482 cur
352 428 549 497 quibus
585 427 864 482 incautum
900 427 1076 481 scelus
1111 425 1416 481 aversabile
1451 428 1738 496 cumquest
1860 441 1936 480 aso

218 522 327 559 non
361 505 571 560 faciunt
603 504 702 559 icti
737 503 983 557 flammas
1017 507 1083 558 ιιι
1117 503 1350 573 fulguris
1384 502 1574 557 halent

220 585 443 651 pectore
477 581 703 651 perfixO,
741 579 1007 634 documen
1042 580 1365 634 mortalibus
1399 595 1542 645 acre,

220 660 280 712 et
314 658 498 727 potius
532 657 681 711 nulla
715 655 819 710 sibi
855 656 1007 725 turpi
1043 656 1288 710 conscius
1322 656 1380 709 in
1415 672 1478 709 re

221 733 458 787 volvitur
493 732 550 787 in
586 732 820 786 flammis
854 732 1106 786 innoxius
1140 733 1306 800 inque
1340 732 1569 802 peditur

220 809 441 864 turbine
474 808 699 863 caelesti
737 808 920 864 subito
956 812 1243 878 correptus
1278 811 1338 863 et
1372 808 1520 876 igni?
1860 825 1934 863 395

220 903 319 940 cur
354 886 521 940 etiam
555 885 673 939 loca
709 885 824 939 sola
856 887 1057 955 petunt
1091 885 1408 955 frustraque
1443 884 1730 941 laboranti

221 979 293 1015 an.
329 964 450 1016 tum
486 961 742 1016 bracchia
778 964 1139 1015 consuescunt
1175 961 1507 1029 firmantque
1542 962 1811 1017 lacertos?

217 1039 277 1092 in
312 1042 572 1108 terraque
607 1039 782 1107 patris
819 1055 918 1092 cur
952 1038 1121 1092 telum
1156 1037 1548 1107 perpetiuntur

222 1115 493 1184 optundi‘l
530 1132 628 1170 cur
661 1116 781 1185 ipse
818 1115 949 1169 sinit
983 1131 1163 1182 neque
1198 1113 1378 1183 parcit
1412 1114 1469 1168 in
1504 1114 1710 1171 hostis?

220 1190 458 1260 denique
496 1208 595 1246 cur
630 1207 928 1260 numquam
963 1191 1114 1244 caelo
1151 1191 1282 1246 iacit
1317 1191 1561 1260 undique
1595 1209 1734 1262 puro
1857 1207 1936 1247 4⁰⁰

222 1266 480 1337 Iuppiter
515 1267 582 1320 in
618 1274 793 1321 terras
828 1268 1035 1321 fulmen
1071 1268 1390 1335 sonitusque
1424 1267 1743 1337 profundit?

220 1360 291 1397 an
326 1343 487 1397 simul
522 1361 585 1397 ac
621 1343 795 1402 nubes
832 1360 1157 1412 successere,
1191 1343 1310 1413 ipse
1345 1343 1403 1397 in
1438 1361 1533 1398 eas
1566 1348 1685 1399 tum

222 1420 523 1489 descendit,
558 1435 731 1488 prope
766 1424 830 1474 ιιι
864 1420 991 1473 hinc
1027 1420 1127 1473 teli
1163 1419 1500 1475 determinet
1535 1421 1710 1475 ictus?

219 1496 280 1550 in
313 1512 466 1551 mare
503 1512 611 1563 qua
645 1510 811 1564 porro
846 1495 1021 1550 mittit
1058 1497 1303 1551 rationo?
1342 1496 1476 1566 quid
1512 1496 1689 1552 undas

222 1572 408 1640 arguit
442 1575 502 1626 et
535 1571 802 1641 liquidam
836 1571 1036 1625 molem
1074 1589 1402 1642 camposque
1437 1573 1712 1628 natantis?
1860 1589 1935 1627 ωε
1998 1636 2011 1644 ξ

223 1652 510 1718 praeterea
545 1649 591 1702 si
627 1648 746 1701 vult
783 1664 1071 1702 caveamus
1104 1649 1346 1703 fulminis
1379 1649 1568 1718 ictum,

223 1742 323 1780 cur
358 1724 578 1780 dubitat
612 1724 795 1779 facere
827 1727 893 1778 ιιι
926 1721 1199 1794 possimus
1235 1742 1461 1780 cernere
1497 1726 1758 1780 missum?

224 1802 272 1856 si
306 1818 406 1857 nec
441 1801 717 1872 opinantis
752 1804 936 1856 autem
972 1802 1088 1857 volt
1122 1803 1430 1872 opprimere
1465 1801 1596 1870 igni,

225 1895 325 1932 cur
358 1882 516 1933 tonat
552 1895 622 1933 ex
658 1879 752 1933 illa
785 1882 961 1948 parte,
998 1882 1063 1933 ιιι
1098 1880 1274 1933 vitare
1311 1895 1586 1948 queamus,

224 1971 324 2008 cur
346 1955 605 2009 tenebras
629 1959 759 2010 ante
782 1959 841 2009 et
864 1955 1118 2009 fremitus
1143 1958 1201 2009 et
1224 1971 1505 2009 murmura
1525 1955 1737 2009 conciti
1861 1969 1935 2008 410

225 2036 285 2085 et
321 2030 482 2084 simul
515 2032 573 2085 in
610 2031 813 2086 multas
848 2032 1025 2100 partis
1061 2033 1155 2100 qui
1192 2031 1420 2086 credere
1455 2031 1630 2101 possis

225 2108 482 2162 mittere?
506 2124 577 2161 an
601 2108 702 2162 hoc
726 2109 870 2162 ausis
894 2125 1192 2177 numquam
1217 2108 1551 2162 contendere
1573 2107 1793 2174 factum,

224 2186 291 2237 ιιι
324 2183 524 2238 fierent
559 2184 703 2238 ictus
737 2201 847 2239 uno
885 2185 987 2239 sub
1023 2188 1274 2255 tempore
1298 2185 1519 2255 plures?

224 2263 285 2313 at
320 2262 539 2328 saepest
573 2277 802 2314 numero
835 2262 1043 2315 factum
1079 2262 1309 2329 fierique
1342 2265 1635 2329 necessest,

225 2338 291 2389 ιιι
325 2335 514 2405 pluere
547 2336 604 2388 in
637 2337 827 2390 multis
861 2338 1176 2407 regionibus
1212 2341 1272 2393 et
1306 2339 1508 2393 cadere
1539 2337 1745 2405 imbriS,
1858 2351 1932 2390 415

226 2411 455 2465 fulmina
489 2411 566 2464 sic
600 2428 709 2466 uno
745 2412 867 2466 fieri
903 2413 1006 2466 sub
1042 2418 1293 2484 tempore
1326 2416 1517 2470 multa.

226 2491 507 2558 postremo
542 2503 640 2541 cur
675 2491 864 2543 sancta
899 2490 1066 2543 deum
1101 2491 1334 2546 delubra
1369 2506 1604 2559 suasque

226 2563 455 2619 discutit
488 2564 690 2619 infesto
725 2565 1035 2634 praeclaras
1070 2566 1296 2623 fulmine
1332 2568 1492 2622 sedes

226 2644 286 2694 et
320 2640 462 2696 bene
497 2642 645 2697 facta
680 2641 846 2698 deum
882 2644 1088 2713 frangit
1124 2645 1414 2699 simulacra
1449 2645 1670 2713 suisque

226 2717 403 2772 demit
437 2718 767 2787 imaginibus
801 2719 1038 2774 violento
1074 2721 1297 2775 volnere
1331 2721 1627 2775 honorem?
1863 2733 1938 2773 42⁰

226 2794 449 2864 altaque
484 2812 583 2849 cur
616 2795 939 2865 plerumque
974 2798 1119 2865 petit
1154 2797 1274 2852 loca
1307 2798 1652 2867 plurimaque
1686 2796 1805 2850 eius

227 2870 506 2925 montibus
539 2872 596 2924 in
633 2873 859 2927 summis
894 2875 1125 2942 vestigia
1155 2874 1435 2928 'cernimus
1468 2874 1644 2942 ignis?

298 2946 458 3010 Quod
494 2952 762 3016 superest,
798 2950 1010 3003 facilest
1044 2966 1114 3003 ex
1150 2950 1236 3003 his
1271 2967 1595 3019 cognoscere
1628 2947 1811 3015 rebus,

226 3024 510 3090 presteras
546 3022 678 3075 Grai
716 3039 855 3090 quos
888 3024 961 3077 ab
991 3043 1054 3080 re
1088 3027 1501 3094 nominitamnt,

227 3096 286 3147 in
318 3112 470 3148 mare
505 3113 614 3162 qua
647 3099 798 3151 missi
834 3101 1056 3154 veniant
1089 3102 1302 3154 ratione
1337 3117 1587 3170 superne.
1863 3116 1940 3155 425

227 3184 354 3222 nam
390 3170 456 3222 fit
490 3175 555 3223 ut
588 3172 865 3227 interdum
900 3178 1183 3242 tamquam
1221 3176 1459 3230 demissa
1494 3176 1746 3230 columna

337 3371 352 3402 l
