2259 3442
1074 83 1226 142 11-11
1922 94 2000 152 95

275 194 568 263 praetcrea
602 190 842 261 lapidem
877 188 1054 259 digito
1088 205 1216 243 cum
1249 188 1548 259 tundimus,
1583 192 1764 261 ipsum
1929 211 2003 251 κε

274 267 557 338 tangimus
591 273 901 322 extremum
937 266 1054 320 saxi
1090 282 1470 335 summumque
1506 268 1760 338 colorem,

275 362 379 400 nec
414 346 678 401 sentimus
713 362 840 398 eum
875 348 1046 410 tactu,
1079 360 1273 397 verum
1309 344 1482 412 magis
1517 344 1697 414 ipsam

275 422 540 476 duritiem
577 422 797 491 penitus
833 421 951 475 saxi
986 420 1252 474 sentimus
1288 420 1346 477 in
1382 420 1510 475 alto.

348 499 400 553 N
405 516 506 553 unc
543 515 661 567 age,
698 515 797 553 cur
832 498 979 552 ultra
1012 496 1296 565 speculum
1333 496 1591 552 videatur
1623 500 1806 570 imago

273 575 527 645 percipe;
562 592 687 629 nam
724 579 876 629 certe
911 574 1131 643 penitus
1169 577 1379 627 semota
1413 574 1646 630 videtur.
1926 591 1999 632 270

275 652 426 722 quod
458 668 633 720 genus
667 652 763 706 illa
797 651 929 704 soris
967 667 1107 720 quae
1142 665 1274 704 vere
1306 652 1757 720 transpiciuntur‚

273 729 437 783 ianua
471 745 596 783 cum
633 745 734 799 per
769 744 829 782 se
865 729 1240 796 transpectum
1275 726 1507 795 praebet
1542 734 1812 800 apertum,

276 805 451 859 multa
485 805 726 875 facitque
762 804 895 859 foris
932 820 1001 857 ex
1038 802 1269 856 aedibus
1304 806 1369 857 ut
1403 804 1713 861 videantur.

273 882 324 935 is
359 898 577 951 quoque
612 882 758 936 enim
795 881 999 950 duplici
1033 879 1360 949 geminoque
1395 881 1461 936 fit
1495 898 1623 936 aere
1659 882 1822 937 visus

273 959 484 1027 primus
519 959 666 1013 enim
700 959 841 1013 citra
876 962 1065 1029 postes
1099 961 1221 1011 tum
1257 957 1500 1012 cernitur
1533 975 1646 1026 aer,
1922 974 1995 1014 275

273 1035 405 1089 inde
439 1032 585 1089 fores
623 1034 775 1103 ipsae
811 1036 1010 1090 dextra
1045 1034 1312 1102 laevaque
1348 1040 1622 1102 secuntur,

273 1114 403 1181 post
437 1111 681 1166 extraria
715 1110 810 1164 lux
844 1111 1028 1165 oculos
1062 1114 1350 1180 perterget
1385 1114 1445 1164 et
1481 1127 1578 1164 aer

274 1187 418 1241 alter
452 1191 510 1241 et
543 1187 638 1241 illa
671 1187 805 1240 foris
842 1204 983 1256 quae
1017 1202 1149 1240 vere
1184 1186 1628 1256 transpiciuntur.

273 1265 352 1318 sie
384 1263 482 1316 ubi
517 1280 577 1317 se
612 1264 849 1333 primum
886 1263 1090 1332 speculi
1124 1263 1357 1333 proiecit
1389 1264 1587 1332 imago,

273 1340 405 1394 dum
442 1341 591 1394 venit
629 1339 700 1393 ad
735 1344 950 1394 nostras
984 1340 1142 1408 acieS,
1177 1339 1459 1408 protrudit
1493 1341 1719 1410 agitque
1918 1355 1994 1397 280

272 1434 403 1471 acra
438 1416 533 1487 qui
567 1416 713 1472 inter
747 1433 807 1470 se
843 1421 1131 1484 cumquest
1166 1416 1459 1485 oculosque
1495 1417 1723 1486 locatus,

275 1499 335 1549 et
368 1495 500 1550 facit
534 1498 599 1548 ut
633 1494 786 1563 prius
821 1493 965 1547 hunc
1000 1509 1220 1547 omnem
1257 1493 1464 1548 sentire
1501 1510 1762 1563 queamus

276 1588 440 1640 quam
457 1571 750 1641 speculum.
766 1570 866 1625 sed
880 1569 975 1624 ubi
993 1570 1273 1640 speculum
1289 1587 1505 1639 quoque
1517 1569 1989 1638 sensimusipsum‚

274 1650 531 1702 continuo
566 1665 599 1702 a
632 1647 789 1702 nobis
824 1648 880 1701 iu
916 1647 1071 1701 idem
1106 1663 1246 1715 quae
1281 1647 1460 1701 fertur
1494 1647 1675 1716 imago
1752 1660 1753 1663 ’

274 1726 525 1794 pervenit
560 1729 618 1779 et
653 1728 868 1778 nostros
903 1724 1088 1777 oculos
1121 1724 1328 1777 reiecta
1362 1723 1554 1777 revisit
1916 1737 1991 1776 285

275 1806 442 1869 atque
475 1801 641 1855 alium
676 1817 808 1868 prae
844 1816 904 1853 se
939 1799 1250 1867 propellens
1284 1816 1414 1853 aera
1450 1799 1619 1854 volvit

276 1881 334 1931 et
369 1878 500 1931 facit
534 1882 599 1931 ut
632 1877 787 1946 prius
821 1876 965 1929 hunc
1000 1892 1171 1943 quam
1204 1892 1264 1928 se
1299 1875 1597 1944 videamus,
1633 1893 1815 1945 eoque

276 1953 483 2007 distare
518 1953 590 2007 ab
625 1952 843 2021 speculo
876 1954 1096 2005 tantum
1131 1954 1343 2005 semota
1377 1950 1611 2006 videtur.

274 2046 444 2099 quare
479 2029 647 2083 etiam
680 2031 850 2097 atque
885 2027 1055 2081 etiam
1090 2027 1315 2081 minime
1348 2026 1599 2081 mirarier
1634 2030 1722 2081 est
1753 2043 1872 2096 par,

270 2106 383 2160 illic
418 2122 558 2176 quor
591 2103 831 2159 reddant
865 2103 1210 2174 speculorum
1246 2120 1317 2157 ex
1350 2119 1589 2172 aequore
1624 2103 1817 2171 visum,
1914 2118 1990 2157 290

271 2182 492 2238 acribus
526 2182 669 2236 binis
702 2181 958 2251 quoniam
994 2197 1085 2235 res
1120 2180 1289 2234 confit
1321 2184 1572 2248 utraque.

269 2276 413 2315 nunc
447 2277 513 2314 &a
545 2275 686 2328 quae
721 2258 879 2313 nobis
914 2257 1284 2311 membrorum
1320 2257 1550 2311 dextera
1582 2273 1713 2327 pars
1745 2259 1849 2325 est,

268 2338 325 2392 in
361 2336 594 2406 speculis
628 2337 693 2391 fit
728 2340 792 2390 ut
825 2336 880 2390 in
915 2336 1071 2390 laeva
1103 2335 1359 2390 videatur
1391 2350 1457 2388 eo
1492 2334 1641 2403 quod

242 2414 552 2485 ,planitiem
586 2413 660 2467 ad
695 2413 899 2484 speculi
932 2414 1155 2466 veniens
1188 2428 1311 2465 cum
1346 2411 1576 2466 offendit
1608 2411 1805 2479 imago,

270 2508 378 2545 non
413 2491 753 2546 convertitur
787 2489 1081 2553 incolumis,
1119 2488 1217 2542 sed
1253 2491 1408 2542 recta
1441 2491 1745 2542 retrorsum
1914 2501 1986 2540 296

272 2568 349 2622 sic
384 2565 621 2634 eliditur,
647 2569 723 2620 ut
758 2566 943 2633 siquis,
982 2566 1137 2634 prius
1172 2564 1328 2618 arida
1364 2580 1528 2633 quam
1565 2564 1639 2618 sit

270 2648 457 2698 cretea
489 2656 740 2712 persona,
776 2640 987 2695 adlidat
1020 2641 1235 2710 pilaeve
1269 2640 1412 2695 trabi
1420 2657 1509 2718 ve,

272 2723 439 2789 atque
474 2736 541 2773 ea
575 2718 831 2772 continuo
866 2722 1075 2771 rectam
1110 2717 1158 2770 si
1193 2717 1373 2770 fronte
1406 2716 1642 2784 figuram

187 2822 250 2856 m
272 2801 456 2852 servet
491 2800 551 2850 et
586 2794 774 2850 elisam
809 2797 961 2848 retro
1000 2809 1120 2846 sese
1155 2793 1430 2862 exprimat
1464 2792 1596 2860 ipsa.

272 2873 372 2928 fiet
404 2874 500 2939 ita,
537 2875 666 2926 anto
684 2871 889 2937 ⁰oculus
918 2870 1091 2924 fuerit
1126 2869 1221 2937 qui
1258 2867 1473 2937 dexter,
1508 2871 1571 2922 ut
1607 2865 1757 2921 idem
1909 2879 1981 2919 sou

185 2971 246 3004 ns
272 2965 416 3003 nunc
451 2950 525 3004 sit
559 2948 760 3015 laevus,
797 2951 856 3002 et
891 2964 923 3000 e
958 2946 1113 2999 laevo
1152 2946 1226 3000 sit
1258 2948 1451 2999 mutua
1486 2944 1694 2998 dexter.

273 3025 341 3079 fit
362 3042 579 3094 quoque
604 3025 676 3079 de
700 3023 921 3094 speculo
945 3023 1000 3076 in
1027 3021 1310 3092 speculum
1334 3024 1399 3075 ut
1423 3021 1678 3075 tradatur
1700 3020 1896 3088 imagO,

273 3102 513 3171 quinque
547 3102 715 3156 ctiam
751 3117 911 3155 sexve
946 3106 1010 3155 ut
1043 3099 1166 3154 fieri
1202 3098 1490 3153 simulacra
1524 3096 1750 3151 suerint.

273 3195 399 3233 nam
436 3194 812 3248 quaecumque
847 3183 996 3233 retro
1031 3180 1193 3248 parto
1228 3174 1490 3230 interiore
1525 3172 1792 3237 latebunt,
