2259 3442
1111 108 1211 164 VI
1877 85 1987 163 169

289 210 349 264 in
382 227 534 265 mare
570 211 642 265 de
678 213 827 267 caele
862 212 1176 281 descendat,
1214 228 1379 282 quam
1413 212 1560 265 freta
1593 212 1796 265 circum

289 286 604 342 fervescunt
638 289 880 356 graviter
916 288 1254 359 spirantibus
1286 287 1458 341 incita
1491 287 1694 355 flabris,

287 366 347 417 et
382 380 756 434 quaecumque
789 365 849 417 in
884 382 948 419 eo
984 369 1104 419 tum
1143 366 1252 419 sint
1289 364 1559 434 deprensa
1593 365 1835 418 tumultu

287 440 502 507 navigia
534 441 593 494 in
627 457 899 494 summum
933 441 1158 496 veniant
1192 443 1392 508 vexata
1425 440 1704 509 periclum.
1923 455 1995 495 430

286 515 391 570 hec
425 516 492 571 fit
526 515 620 571 ubi
655 517 933 572 interdum
967 534 1074 571 non
1111 518 1234 586 quit
1267 515 1351 572 vis
1387 517 1557 570 incita
1588 517 1739 571 venti

284 608 542 662 rumpere
576 609 740 662 quam
776 594 958 664 coepit
991 592 1210 658 nubem,
1249 593 1349 647 sed
1384 592 1663 662 deprimit,
1699 597 1763 647 ut
1799 593 1872 647 sit

284 667 343 721 in
377 685 528 723 mare
564 669 636 724 de
672 670 821 724 eaelo
855 673 1140 739 tamquam
1175 668 1416 723 demissa
1450 669 1715 737 columna,

284 741 563 812 paulatim,
599 745 754 813 quasi
787 744 923 814 quid
957 761 1143 814 pugno
1176 744 1510 814 bracchique
1548 762 1786 815 superne

285 819 534 875 coniectu
567 822 827 875 trudatur
862 824 921 876 et
956 821 1293 877 extendatur
1327 821 1384 874 in
1421 821 1629 887 undas3
1919 838 1993 875 4‘35

285 912 451 964 quam
486 913 611 951 cum
647 897 884 964 discidit,
920 898 1046 952 hinc
1082 898 1459 967 prorumpitur
1493 898 1549 950 in
1585 915 1736 952 mare
1771 899 1919 953 venti

284 971 367 1026 vis
404 976 464 1027 et
497 974 766 1027 fervorem
799 974 998 1026 mirum
1033 974 1322 1027 concinnat
1356 973 1414 1025 in
1447 973 1624 1026 undis.

285 1048 661 1103 versabundus
696 1050 842 1103 enim
877 1049 1041 1103 turbo
1078 1048 1370 1104 descendit
1403 1052 1462 1103 et
1496 1048 1646 1103 illam

286 1124 515 1180 deducit
548 1125 756 1193 pariter
789 1126 941 1180 lento
976 1143 1101 1180 cum
1137 1142 1366 1194 corpore
1400 1125 1633 1191 nubem3

286 1218 451 1268 quam
475 1201 632 1254 simul
657 1218 720 1256 ac
742 1201 1027 1271 gravidam
1052 1202 1294 1256 detrusit
1317 1201 1391 1255 ad
1414 1218 1655 1270 aequora
1677 1204 1848 1271 ponti,
1919 1218 1992 1257 410

284 1277 379 1331 ille
411 1278 469 1332 in
505 1293 703 1346 aquam
740 1276 920 1332 subito
953 1281 1132 1332 totum
1170 1294 1231 1332 se
1265 1278 1494 1333 inmittit
1530 1281 1589 1332 et
1623 1295 1784 1332 omne

287 1354 496 1409 excitat
529 1353 740 1424 ingenti
777 1354 958 1408 sonitu
992 1371 1146 1409 mare
1180 1354 1397 1409 fervere
1432 1370 1644 1423 cogens.

286 1430 353 1485 fit
387 1447 606 1500 quoque
639 1433 705 1485 ut
737 1430 977 1485 involvat
1012 1431 1162 1484 venti
1198 1447 1259 1485 se
1294 1430 1531 1484 nubibus
1565 1432 1683 1501 ipse

285 1511 479 1562 vertex
514 1507 817 1562 conradens
852 1523 921 1561 ex
956 1524 1084 1562 aere
1119 1508 1328 1562 semina
1362 1507 1523 1562 nubis

289 1587 348 1638 et
384 1584 539 1651 quasi
574 1583 871 1638 demissum
905 1584 1057 1639 caelo
1092 1588 1343 1653 prestera
1376 1585 1638 1639 imitetur.
1916 1598 1990 1635 445

285 1657 375 1713 hic
410 1659 506 1714 ubi
542 1676 602 1714 se
635 1660 691 1714 in
727 1663 908 1714 terras
944 1661 1168 1715 demisit
1203 1660 1581 1729 dissoluitque,

285 1733 519 1788 turbinis
552 1736 824 1790 inmanem
858 1737 969 1790 vim
1001 1738 1275 1805 provomit
1309 1741 1476 1805 atque
1511 1737 1798 1806 procellae.

287 1811 388 1863 sed
423 1811 553 1880 quia
586 1812 653 1866 fit
687 1828 812 1865 raro
848 1813 1064 1865 omnino
1099 1813 1408 1880 montisque
1445 1805 1758 1866 necessest*

286 1886 503 1941 officere
537 1887 595 1940 in
631 1887 808 1951 terris,
844 1890 1076 1957 apparet
1110 1887 1356 1941 crebrius
1389 1887 1538 1942 idem

286 1966 581 2032 prospectu
614 1963 782 2017 maris
815 1964 871 2017 in
906 1980 1103 2030 magne
1139 1963 1398 2034 caeloque
1431 1965 1660 2033 patenti.
1915 1980 1991 2019 450

358 2038 408 2091 N
412 2038 560 2094 ubila
593 2044 967 2108 concrescunt,
1002 2038 1096 2092 ubi
1131 2056 1358 2109 corpora
1391 2041 1566 2095 multa
1599 2040 1832 2095 volando

285 2115 390 2169 hoc
427 2132 623 2185 supero
658 2117 715 2169 in
749 2116 885 2170 caeli
921 2117 1099 2185 spatio
1135 2116 1314 2170 coiere
1348 2121 1581 2186 repente

285 2193 576 2261 asperiora,
613 2192 781 2246 moris
816 2209 957 2261 quae
992 2192 1205 2260 possint
1239 2193 1565 2261 indupedita

283 2267 498 2337 exiguis
533 2271 720 2323 tamen
755 2269 902 2323 inter
938 2285 997 2322 se
1032 2285 1352 2337 comprensa
1386 2270 1577 2323 teneri.

284 2344 419 2399 haec
452 2346 662 2400 faciunt
695 2346 934 2417 primum
968 2362 1165 2415 parvas
1199 2346 1497 2400 consistere
1532 2345 1735 2412 nubes;
1916 2362 1990 2401 455

284 2421 416 2475 inde
449 2421 585 2477 haec
619 2423 1019 2493 comprendunt
1053 2422 1203 2476 inter
1237 2439 1297 2476 se
1332 2435 1541 2491 conque
1575 2426 1878 2491 gregantur

286 2501 346 2552 et
380 2498 756 2567 coniungendo
789 2503 1045 2554 crescunt
1078 2500 1366 2567 ventisque
1399 2499 1652 2553 feruntur

285 2591 458 2643 usque
492 2574 632 2629 adeo
669 2574 842 2629 donec
876 2579 1180 2645 tempestas
1216 2592 1378 2629 saeva
1411 2579 1669 2630 coortast.

288 2651 354 2706 fit
388 2668 606 2720 quoque
640 2651 725 2704 uti
760 2653 961 2705 montis
994 2652 1172 2705 vicina
1206 2652 1482 2705 cacumina
1516 2653 1666 2707 caele

289 2744 456 2796 quam
481 2728 591 2782 sint
614 2744 833 2797 quoque
856 2729 1045 2795 magis,
1069 2731 1226 2782 tanto
1250 2729 1421 2796 magis
1444 2728 1599 2783 edita
1620 2728 1835 2784 fument
1919 2744 1993 2783 400

290 2804 519 2858 adsidue
555 2804 745 2859 furvae
779 2804 942 2858 nubis
977 2804 1206 2872 caligine
1239 2820 1422 2860 crassa

292 2884 588 2951 propterea
625 2881 765 2949 quia,
802 2897 926 2934 cum
961 2880 1267 2935 consistunt
1299 2881 1488 2935 nubila
1521 2881 1776 2951 primum,

290 2960 419 3010 ante
454 2956 644 3011 videre
679 2957 822 3011 oculi
857 2972 1021 3025 quam
1056 2956 1281 3025 possint,
1316 2958 1512 3026 tenvia,
1547 2958 1698 3013 venti

292 3037 578 3104 portantes
614 3038 817 3103 cogunt
851 3033 925 3087 ad
960 3050 1172 3087 summa
1205 3035 1487 3088 eacumina
1520 3035 1737 3089 montis.

292 3110 383 3164 hic
419 3110 639 3165 demum
674 3112 741 3166 fit
774 3111 858 3166 uti
892 3110 1057 3164 turba
1090 3111 1297 3164 maiore
1331 3114 1518 3165 coorta
1922 3124 1996 3165 4⁶5

292 3190 354 3242 et
386 3187 658 3243 condensa
692 3192 897 3257 queant
930 3204 1202 3259 apparere
1239 3191 1297 3242 ct
1331 3187 1492 3242 simul
1527 3187 1647 3256 ipso
