2259 3442
1006 106 1174 160 xxxiv

237 259 363 300 smr
389 245 524 299 sine.
595 243 834 313 denique
869 247 936 296 50
971 257 1194 310 prorsus
1228 256 1423 295 novam
1460 240 1783 309 sententiam
1805 258 1945 299 ,cum

237 331 516 398 veteribus
563 346 734 398 orsus,
773 334 840 382 62
878 344 979 396 pro
1020 343 1091 381 nr
1129 326 1346 396 scripsit
1386 326 1533 381 haec.
1614 327 1945 397 Bernaysius

237 417 483 472 lacunam
499 433 618 470 csse
642 419 701 470 et
725 417 853 468 ante
876 416 935 467 et
959 415 1084 483 post
1106 419 1176 469 48
1191 412 1500 467 constituit.·
1539 418 1607 468 48
1626 413 1759 469 haec
1775 413 1945 469 habet

237 504 498 569 existant,
514 502 821 569 placentur
843 500 1053 554 omnia.
1125 505 1194 553 52
1217 516 1342 553 cum
1367 499 1714 553 Lachmanno
1737 500 1883 554 haec.

341 594 409 642 83
473 604 572 657 pro
597 601 764 640 mmo
783 601 1086 647 cAnmsctm
1109 600 1373 639 'numum
1407 602 1531 639 cum
1555 586 1642 639 ed.
1669 586 1942 641 Brixiensi

238 678 297 728 et
333 673 571 728 Avantio
608 671 958 727 scribendum
994 671 1145 724 ratio
1180 670 1318 723 caeli
1350 669 1657 737 speciesque
1689 671 1942 724 tenenda·

238 758 447 813 scilicet
470 757 726 817 librarius
750 759 1018 828 deceptus
1054 757 1411 811 similitudine
1435 757 1746 810 litterarum
1768 757 1946 826 speeie

238 845 437 900 omisit.
531 845 910 900 Lachmannus
945 844 1213 900 audacter
1247 845 1401 899 ratio
1432 845 1709 913 sulqendi
1753 845 1947 913 visque

240 931 497 986 tonandi.

344 1023 548 1074 85—89
623 1018 1002 1096 Lachmannus
1023 1018 1179 1072 uncis
1213 1018 1448 1073 inclusit.
1521 1034 1624 1086 ego
1658 1018 1843 1087 potius
1878 1024 1946 1073 90

239 1109 299 1160 et
317 1111 379 1160 91
385 1109 684 1175 ‚tanquam
702 1123 771 1160 ex
789 1120 815 1159 1
835 1110 932 1160 153
949 1103 1021 1159 ab
1037 1092 1435 1174 interpolatore
1452 1104 1651 1216 illatos,
1669 1104 1947 1176 eiciendos

240 1191 388 1246 duxi.

348 1283 444 1332 105
496 1294 616 1355 pro
640 1292 739 1331 AVI
773 1280 924 1331 recte
959 1280 1178 1331 veteres
1211 1282 1328 1331 aut.
1397 1276 1475 1330 sic
1517 1282 1649 1331 1198
1684 1276 1814 1330 libri
1849 1292 1947 1329 Av1

239 1379 340 1430 pro
364 1370 480 1416 aut.
553 1362 936 1416 Lachmannus
959 1362 1040 1414 ab.

349 1451 446 1498 129
518 1461 620 1514 pro
666 1459 832 1497 mssa
879 1444 1261 1498 Lachmannus
1307 1444 1449 1499 fissa.
1545 1444 1708 1513 paulo
1755 1445 1951 1499 melius

242 1530 572 1598 Bernaysius
597 1544 788 1583 sc1sSA.

350 1622 446 1669 145
517 1630 618 1684 pro
644 1629 733 1667 PIT
758 1613 1139 1669 Lachmannus
1164 1616 1242 1670 id.
1301 1631 1406 1684 ego
1430 1619 1622 1671 contra
1644 1634 1769 1671 cum
1794 1616 1952 1671 Lam-

241 1701 368 1755 bino
393 1701 450 1755 in
479 1705 592 1768 147,
617 1706 684 1753 ut
706 1702 836 1753 autc
859 1716 1066 1767 maqno
1091 1701 1302 1770 additu,
1321 1718 1423 1770 pro
1446 1718 1727 1757 'rnvcnmr
1753 1703 1950 1773 scripsi

243 1787 503 1841 trucidet.

348 1879 449 1930 158
517 1891 619 1944 pro
642 1889 839 1928 An'rmu
865 1874 1244 1928 Lachmannus
1262 1880 1404 1927 arto-
1452 1873 1550 1928 sed
1573 1874 1953 1949 impeditiores

241 1959 345 2013 hae
361 1959 657 2015 verborum
677 1963 1118 2015 structurae‘non
1141 1976 1267 2014 raro
1290 1959 1441 2027 apud
1465 1960 1782 2015 Lucretium
1805 1961 1952 2015 invc-

242 2045 483 2100 niuntur.
509 2047 575 2100 cf.
605 2050 716 2105 176.

350 2136 446 2192 179
495 2150 597 2202 pro
615 2146 867 2194 Qumsmr
885 2131 1189 2185 rectissime
1202 2131 1289 2184 ed.
1310 2131 1455 2185 Iunt.
1472 2131 1734 2197 liquescit.
1784 2131 1954 2186 Lach-

244 2235 475 2272 mannus
520 2217 749 2272 calescit.
814 2216 952 2270 dicit
999 2219 1164 2286 pocta
1210 2217 1224 2243 ‘
1238 2217 1377 2270 adeo
1419 2216 1659 2270 ardescit
1694 2217 1850 2283 glans
1892 2222 1955 2272 ut

247 2305 415 2358 ctiam
439 2303 745 2373 liquescat’.

352 2393 465 2456 187,
494 2394 593 2443 188
663 2404 772 2442 non
795 2391 949 2442 recte
967 2388 1349 2443 Lachmannus
1377 2392 1504 2458 post
1525 2394 1623 2444 193
1651 2389 1955 2444 transtulit.

246 2476 493 2528 ceterum
517 2471 583 2526 cf.
603 2487 746 2541 quae
769 2471 885 2525 dixi
910 2472 983 2526 ad
1006 2487 1066 2525 ιν
1091 2478 1206 2527 934.

294 2588 299 2593 -
349 2564 463 2619 213
510 2570 612 2627 pro
632 2572 889 2611 numani-2
908 2556 1288 2611 Lachmannus
1306 2574 1433 2611 cum
1452 2558 1698 2613 Avantio
1708 2558 1958 2625 fulgore.

247 2662 438 2699 verum
475 2643 769 2701 seminibus
799 2643 1068 2712 fulgorem
1103 2642 1398 2697 tribuendo
1434 2648 1627 2699 contra
1654 2644 1877 2712 Epicuri
1900 2646 1959 2697 et

249 2731 474 2786 Lucreti
500 2735 800 2803 praecepta
821 2732 1069 2800 graviter
1092 2737 1303 2802 peccat.
1366 2734 1431 2788 cf.
1455 2735 1528 2787 ad
1551 2748 1597 2786 11
1622 2735 1702 2789 27.

354 2821 455 2869 220
524 2833 624 2884 pro
649 2831 776 2870 Ic'ru
800 2832 869 2870 Er
894 2816 1101 2885 optime
1123 2820 1343 2871 veteres
1367 2818 1512 2872 ictus
1533 2823 1597 2870 et.
1660 2814 1960 2868 Lachman-

250 2918 353 2956 nus
378 2903 496 2957 ictu
521 2903 654 2956 loca.

357 2991 458 3041 228
484 2989 543 3043 et
567 2992 683 3040 229.
753 2987 1113 3042 audacissime
1140 2987 1519 3041 Lachmannus
1543 3003 1613 3040 ex
1636 2987 1723 3040 his
1746 2985 1963 3041 duobus

252 3086 421 3124 unum
456 3070 618 3124 finxit
651 3086 870 3124 versum
906 3070 1196 3126 scribendo
1240 3070 1478 3124 Transit
1512 3071 1671 3126 enim
1704 3070 1965 3127 validum

238 3154 477 3219 ,fulmen-
493 3171 606 3225 per
626 3171 781 3223 saxa,
794 3168 910 3228 per
932 3172 1087 3211 aera.
