2259 3442
1101 107 1247 163 IIII
1914 109 2026 165 119

308 229 523 283 semper
557 213 701 268 enim
735 205 930 281 partus
964 212 1171 280 duplici
1204 211 1277 265 de
1311 210 1517 263 semine
1552 214 1783 274 constat,

305 292 473 358 atque
505 290 618 343 utri
654 288 886 342 similest
920 288 1092 356 magis
1125 287 1187 341 id
1221 286 1606 356 quodcumque
1642 289 1875 356 creatur,
1926 303 2023 343 1230

304 366 420 419 eius
454 366 621 419 habet
656 364 779 434 plus
814 368 975 433 parte
1011 380 1213 432 aequa3
1250 362 1400 433 quod
1434 378 1658 417 cernere
1691 364 1885 433 possis,

305 442 419 495 sive
455 442 631 514 virum
667 440 883 495 suboles
919 440 1087 493 sivest
1122 439 1405 494 muliebris
1440 439 1606 507 origo,

376 517 491 572 Nec
526 518 707 571 divina
743 523 922 571 satum
957 516 1256 584 genitalem
1291 516 1513 568 numina
1548 515 1801 584 cuiquam

303 593 631 661 absterrent,
668 596 827 661 pater
862 609 896 646 a
930 591 1113 661 gnatis
1148 609 1218 646 ne
1254 590 1506 646 dulcibus
1541 607 1801 662 umquam

302 670 608 739 appelletur
644 674 702 723 et
736 672 800 723 ut
836 668 1009 723 sterili
1044 669 1264 723 Venere
1300 668 1488 735 exigat
1522 685 1743 734 aevom3
1927 682 2024 722 1235

301 747 446 814 quod
482 746 805 816 plerumque
839 748 1041 815 putant
1076 751 1136 800 et
1170 745 1345 799 multo
1382 745 1644 813 sanguine
1677 745 1875 800 maesti

299 830 666 892 conspergunt
702 839 824 875 aras
862 822 1193 890 adolentque
1229 821 1423 875 altaria
1459 820 1631 888 donis,

296 902 361 951 ut
395 900 651 966 gravidas
686 899 926 952 reddant
964 914 1167 951 uxores
1204 898 1410 950 semine
1443 896 1610 965 larg0.

297 976 625 1044 nequiquam
662 975 844 1028 divom
878 990 1081 1027 numen
1118 973 1394 1040 sortisque
1429 972 1676 1040 fatigant.

297 1066 421 1102 nam
457 1050 670 1103 steriles
703 1050 930 1102 nimium
965 1065 1148 1102 crasso
1185 1051 1313 1101 sunt
1348 1048 1554 1100 semine
1586 1048 1791 1115 partim
1924 1063 2024 1105 124⁰

298 1129 356 1178 ct
391 1125 596 1193 liquido
629 1128 851 1193 praeter
884 1125 1089 1177 iustum
1125 1122 1387 1190 tenuique
1421 1121 1675 1175 vicissim.

296 1204 460 1254 tenve
494 1200 626 1254 locis
661 1198 793 1269 quia
826 1217 935 1252 non
968 1199 1115 1268 potis
1149 1200 1237 1252 est
1272 1197 1516 1265 adfigere
1550 1197 1867 1266 adhaesum,

292 1277 522 1346 liquitur
557 1276 831 1345 extemplo
867 1279 925 1329 et
961 1277 1277 1329 revocatum
1311 1274 1462 1328 cedit
1496 1273 1709 1328 abortu.

296 1353 528 1408 crassius
561 1353 648 1406 his
682 1358 846 1422 porro
883 1352 1138 1421 quoniam
1174 1350 1479 1405 concretius
1514 1366 1688 1419 aequo

293 1430 548 1499 mittitur,
585 1434 683 1485 aut
717 1446 823 1483 non
858 1433 973 1484 tam
1008 1429 1221 1499 prolixo
1255 1427 1506 1496 provolat
1539 1426 1654 1480 ictu
1924 1443 2019 1482 1213

292 1510 389 1560 aut
422 1510 715 1576 penetrare
752 1507 898 1561 locos
933 1522 1106 1574 aeque
1142 1504 1333 1573 nequit
1367 1507 1464 1557 aut
1497 1506 1847 1572 penetratum

291 1599 457 1652 aegre
493 1584 824 1638 admiscetur
858 1581 1116 1637 muliebri
1155 1582 1375 1636 semine·
1398 1596 1599 1641 semen.

290 1677 418 1714 nam
454 1659 686 1714 multum
721 1659 1033 1713 harmoniae
1069 1658 1306 1712 Veneris
1340 1656 1563 1710 differre
1598 1656 1869 1712 videntur.

289 1739 458 1806 atque
492 1737 627 1790 alias
662 1736 753 1790 alii
788 1736 1063 1804 complent
1097 1734 1272 1802 magis
1308 1750 1377 1786 ex
1414 1733 1642 1801 aliisque

292 1812 595 1881 succipiunt
631 1812 770 1884 aliae
804 1812 1019 1879 pondus
1053 1811 1228 1877 magis
1263 1809 1428 1876 inque
1463 1813 1802 1876 gravescunt.
1919 1824 2016 1863 1250

292 1890 351 1941 et
385 1888 592 1942 multae
629 1888 844 1941 steriles
884 1886 1216 1954 Hymenaeis
1255 1887 1386 1937 ante
1420 1884 1650 1937 fuerunt

288 1963 537 2032 pluribus
574 1967 632 2017 ct
668 1966 862 2017 nactae
899 1965 1023 2031 post
1061 1963 1191 2013 sunt
1227 1963 1411 2013 tamen
1449 1958 1597 2011 unde
1630 1959 1842 2027 puellos

291 2040 565 2108 suscipere
601 2042 659 2093 et
692 2042 856 2107 partu
890 2041 1115 2106 possent
1152 2036 1424 2089 ditescere
1461 2033 1625 2088 dulci.

290 2119 350 2170 ct
384 2115 583 2184 quibus
619 2119 746 2168 ante
783 2114 930 2167 domi
963 2112 1235 2166 fecundae
1272 2127 1434 2179 saepe
1470 2110 1789 2178 nequissent

288 2209 489 2246 uxores
523 2208 734 2262 parere,
770 2191 1046 2244 inventast
1080 2188 1186 2242 illis
1222 2204 1439 2256 quoque
1474 2202 1694 2255 compar
1918 2203 2015 2242 1255

290 2271 502 2337 natura,
536 2272 600 2322 ut
634 2270 861 2337 possent
894 2266 1078 2334 gnatis
1113 2264 1327 2318 munire
1364 2266 1656 2318 senectam.

287 2360 462 2412 usque
497 2344 636 2399 adeo
671 2343 856 2413 magni
891 2345 1076 2411 refert,
1115 2345 1181 2396 ut
1216 2340 1422 2395 semina
1456 2339 1669 2410 possint

290 2420 584 2474 seminibus
621 2420 957 2474 commisceri
992 2419 1314 2488 genitaliter
1348 2421 1495 2486 apta,

290 2511 543 2549 crassane
579 2497 902 2550 conveniant
936 2496 1161 2565 liquidis
1197 2499 1257 2550 et
1289 2493 1500 2561 liquida
1534 2493 1750 2547 crassis.

292 2575 460 2641 atque
494 2571 550 2624 in
589 2587 654 2624 eo
691 2572 861 2625 refert
897 2589 1005 2640 quo
1039 2572 1189 2626 victu
1223 2570 1337 2624 vita
1374 2570 1615 2635 colatur3
1915 2582 2012 2620 1260

289 2664 525 2716 namque
560 2647 680 2701 aliis
714 2647 877 2701 rebus
912 2650 1266 2701 concrescunt
1301 2646 1508 2700 semina
1543 2644 1803 2699 membris

289 2728 459 2793 atque
493 2723 612 2777 aliis
649 2725 1015 2777 extenvantur
1050 2722 1353 2790 tabentque
1390 2721 1636 2775 vicissim.

290 2804 350 2855 et
383 2800 580 2870 quibus
616 2800 734 2867 ipsa
768 2797 945 2851 modis
979 2801 1255 2852 tractetur
1288 2796 1492 2850 blanda
1528 2797 1798 2865 voluptas,

288 2877 351 2932 id
386 2892 602 2945 quoque
636 2874 919 2944 permagni
956 2874 1160 2939 refert3
1194 2889 1328 2926 nam·
1359 2889 1510 2926 more
1547 2870 1786 2925 ferarum

291 2952 820 3022 quadrupedumque
854 2951 1029 3019 magis
1063 2949 1178 3004 ritu
1211 2949 1532 3017 plerumque
1566 2950 1834 3018 putantur
1910 2959 2012 3000 1265

291 3029 576 3097 concipere
611 3044 823 3094 uxores,
858 3028 985 3097 quia
1020 3026 1098 3081 sic
1132 3026 1256 3080 loca
1292 3041 1506 3078 sumere
1541 3025 1787 3094 possunt,

291 3105 606 3174 pectoribus
640 3104 848 3174 positia
886 3103 1115 3159 sublatis
1151 3101 1360 3157 semina
1393 3100 1610 3155 lumbis.

294 3196 398 3234 nec
432 3180 620 3234 molles
655 3182 777 3249 opn’
813 3186 940 3236 sunt
974 3185 1159 3235 motus
1192 3177 1454 3233 uxoribus
1488 3176 1674 3231 hilum.
