2259 3442
261 169 363 224 sed
396 183 575 237 neque
609 173 723 224 tam
757 168 929 222 facilis
962 183 1054 221 res
1087 168 1201 221 ulla
1234 172 1322 223 est
1355 167 1487 238 quin
1522 183 1590 222 ea
1623 168 1865 237 primum

262 244 496 298 difficilis
530 245 703 312 magis
737 243 810 297 ad
844 243 1181 298 credendum
1215 247 1448 311 constet,
1483 243 1730 312 itemquo

265 321 341 374 nil
376 320 515 375 adeo
549 337 806 389 magnum
841 337 1022 389 neque
1053 323 1169 373 tam
1203 319 1452 374 mirabile
1487 320 1788 389 quicquam,

262 396 410 465 quod
445 412 553 450 non
587 396 853 466 paulatim
887 397 1113 450 mittant
1147 396 1396 450 mirarier
1430 412 1632 450 omncs.

263 472 524 541 suspicite
559 472 693 526 caeli
728 471 935 525 clarum
969 487 1276 540 purumque
1310 472 1562 539 colorem,
1885 488 2004 530 1030

264 565 514 617 quaeque
548 547 606 600 in
642 563 700 600 se
736 547 970 614 cohibet,
1005 547 1249 617 palantia
1282 547 1467 603 sidera
1499 549 1717 618 passim,

265 624 558 691 lunamque
593 626 653 676 et
688 623 813 676 solis
849 622 1131 693 praeclara
1165 622 1287 677 luce
1321 623 1586 690 nitorem3

263 700 443 753 omnia
477 716 617 768 quae
651 716 795 753 nuuc
829 700 874 753 si
908 700 1146 768 primum
1180 699 1501 754 mortalibus
1535 703 1735 769 essent,

266 792 332 828 ex
369 775 641 844 inproviso
678 776 725 829 si
758 791 901 828 nune
936 774 1152 829 obiecta
1184 770 1430 845 repente,

264 851 399 916 quid
433 851 606 919 magis
640 851 726 905 his
760 850 925 911 rebus
959 855 1180 921 poterat
1214 851 1462 906 mirabile
1498 853 1606 907 diei
1884 868 1993 910 1035

265 932 361 980 aut
396 928 574 981 minus
606 930 738 982 ante
772 927 923 996 quod
957 926 1224 981 auderent
1259 928 1377 982 fore
1411 929 1639 983 credere
1673 932 1910 997 gentes?

262 1004 354 1071 nil,
391 1008 455 1059 ut
489 1005 710 1074 opinor:
744 1005 826 1058 ita
860 1004 994 1059 haec
1029 1004 1238 1072 species
1270 1004 1521 1059 miranda
1553 1005 1759 1059 fuisset.

266 1097 432 1149 quam
467 1081 568 1136 tibi
601 1083 709 1136 iam
744 1098 918 1149 nemo,
953 1083 1127 1137 fessus
1164 1081 1362 1134 satiate
1397 1080 1632 1149 videndi,

267 1159 542 1228 suspicere
576 1159 630 1213 in
667 1159 801 1213 caeli
838 1157 1094 1226 dignatur
1127 1156 1309 1210 lucida
1345 1157 1577 1227 templa!

268 1232 457 1288 desine
493 1238 826 1304 quapropter
860 1234 1105 1287 novitate
1142 1230 1437 1287 exterritus
1469 1233 1588 1303 ipsa
1884 1250 1987 1290 1οω

265 1325 509 1378 expuere
546 1328 615 1363 ex
651 1311 829 1364 animo
863 1310 1147 1375 rationem,
1183 1308 1282 1362 sed
1315 1309 1488 1378 magis
1521 1310 1632 1363 acri

269 1385 472 1439 iudicio
508 1385 790 1454 perpende
825 1388 899 1450 et,
934 1385 979 1438 si
1015 1386 1116 1439 tibi
1153 1401 1283 1439 vera
1317 1385 1586 1452 videntur,

271 1459 417 1513 dede
452 1476 658 1527 manus,
695 1463 805 1525 aut,
844 1460 888 1513 si
923 1460 1120 1514 falsum
1159 1464 1260 1526 est,
1297 1461 1580 1530 accingere
1614 1464 1818 1517 contra.

269 1537 485 1606 quaerit
520 1536 661 1588 enim
699 1536 964 1589 rationem
1000 1536 1228 1599 animm,
1263 1552 1384 1590 cum
1422 1555 1632 1592 summa
1664 1538 1769 1592 loci
1801 1539 1874 1594 sit

267 1611 482 1666 infinita
515 1611 645 1665 foris
680 1612 813 1665 haec
849 1614 1007 1665 extra
1041 1611 1258 1664 moenia
1291 1613 1497 1680 mundi,
1885 1630 1982 1672 1045

268 1687 404 1757 quid
439 1688 511 1742 sit
543 1687 618 1741 ibi
653 1704 817 1757 porro
852 1705 960 1754 quo
996 1687 1310 1757 prospicere
1342 1706 1515 1759 usque
1549 1690 1686 1746 velit
1719 1708 1872 1747 mens

270 1767 438 1832 atque
471 1763 636 1818 animi
671 1764 845 1818 iactus
880 1765 1019 1818 libor
1054 1781 1162 1834 quo
1197 1765 1446 1834 pervolet
1479 1765 1615 1836 ipse.

342 1840 614 1911 Principio
649 1842 804 1896 nobis
840 1843 895 1896 in
931 1846 1157 1897 cunctas
1192 1841 1431 1911 undique
1463 1844 1639 1913 partis

272 1921 331 1973 et
364 1917 537 1973 latere
573 1936 639 1972 ex
676 1924 908 1989 utroque
944 1936 1125 1987 supra
1161 1922 1461 1989 supterque
1494 1936 1595 1988 per
1628 1937 1789 1975 omno

271 1995 420 2049 nulla
454 1999 540 2049 cst
574 1995 725 2062 finis;
759 1999 841 2051 uti
878 1997 1053 2062 docui,
1087 2011 1178 2050 res
1212 1996 1438 2064 ipsaque
1471 2011 1573 2063 per
1607 2012 1673 2050 se
1889 2009 1987 2050 1050

273 2072 613 2137 vociferatur,
648 2076 707 2126 et
742 2074 921 2126 elucet
953 2075 1152 2125 natura
1184 2069 1452 2138 profundi.

272 2147 421 2200 nullo
455 2148 564 2200 iam
598 2153 759 2216 pacto
796 2149 909 2202 veri
945 2145 1119 2200 simile
1154 2159 1275 2197 esse
1308 2142 1680 2210 putandumst,

273 2223 513 2290 undique
548 2240 670 2276 cum
705 2240 923 2276 vorsum
959 2219 1195 2288 spatium
1229 2220 1387 2269 vacet
1419 2215 1694 2287 infinitum
1764 2224 1791 2287 ζ
1844 2240 1853 2249 ·

271 2297 587 2365 seminaque
620 2298 899 2350 innumero
932 2310 1158 2349 numero
1193 2294 1508 2358 summaque
1542 2290 1833 2359 profunda’

273 2370 607 2427 multimodis
643 2372 870 2425 volitent
906 2372 1131 2424 aeterno
1165 2365 1376 2436 percita
1407 2368 1578 2433 motu,
1885 2384 1983 2425 1055

272 2449 414 2503 huuc
446 2465 611 2502 unum
648 2452 917 2501 terrarum
953 2443 1142 2499 orbem
1176 2442 1490 2513 caelumque
1524 2446 1786 2516 creatum,

273 2526 349 2580 nil
386 2541 551 2595 agere
585 2524 678 2577 illa
711 2522 843 2577 foris
879 2526 964 2578 tot
998 2538 1226 2592 corpora
1260 2521 1545 2590 materiai3

273 2620 397 2658 cum
430 2601 751 2671 praesertim
788 2599 875 2657 hic
911 2600 984 2655 sit
1017 2603 1216 2654 natura
1249 2600 1440 2669 factus,
1465 2604 1534 2656 =et
1569 2600 1688 2670 ipsa

276 2682 469 2749 sponte
505 2695 602 2732 sua
637 2678 777 2732 forte
813 2677 1126 2732 offensando
1164 2676 1371 2732 semina
1405 2694 1586 2732 rerum

253 2754 609 2810 ,multimodis
645 2759 855 2809 temere
889 2756 946 2809 iu
982 2771 1194 2810 cassum
1231 2754 1543 2822 frustraque
1579 2755 1765 2807 coacta
1892 2766 1987 2806 1000

274 2831 497 2884 tandem
534 2831 801 2901 q't'fluerint
835 2849 902 2887 ea
937 2849 1076 2901 quae
1112 2834 1372 2885 convecta
1404 2833 1633 2896 repente

275 2921 595 2972 magnarum
630 2922 814 2961 rerum
848 2909 1048 2963 fierent
1083 2907 1310 2960 exordia
1345 2918 1574 2970 semper,

276 2981 443 3033 terrai
478 2982 644 3034 maris
679 2986 737 3037 et
771 2985 905 3037 caeli
942 2983 1266 3052 generisque
1300 2978 1650 3033 animantum.

277 3071 447 3122 quare
481 3057 646 3110 etiam
684 3062 849 3127 atque
884 3060 1051 3113 etiam
1087 3059 1214 3110 talis
1249 3058 1456 3109 fateare
1490 3067 1710 3106 neeesse
1744 3052 1831 3104 cst

272 3144 397 3182 esse
433 3131 566 3184 alios
599 3131 730 3186 alibi
767 3149 1086 3201 congressus
1119 3127 1383 3190 materiai,
1892 3138 1989 3180 1005
