2259 3442
230 82 306 141 62
1026 80 1125 136 11-

227 184 484 254 effugisse
517 184 709 241 volunt
742 184 901 251 longe
934 182 1203 251 longeque
1235 199 1495 250 rcmosse,

228 262 489 331 sanguine
524 261 669 315 civili
703 276 821 315 rem
857 258 1097 312 conflant
1132 258 1460 326 divitiasque
1889 274 1950 317 ⁷0

229 338 619 408 conduplicant
651 335 812 403 avidi,
850 333 1075 389 caedem
1099 334 1270 389 caede
1304 334 1747 402 accumulantes3

229 415 481 468 crudeles
516 414 760 483 gaudent
792 413 848 466 in
883 410 1031 466 tristi
1065 412 1261 466 funere
1292 411 1479 466 fratris

228 494 289 546 et
323 490 783 558 consanguineum
817 505 1032 543 mensas
1067 489 1235 542 odere
1250 520 1255 525 ·
1268 487 1590 558 timentque.

229 566 496 621 consimili
529 566 745 620 ratione
776 565 847 619 ab
882 564 1076 619 eodem
1112 582 1278 634 saepe
1312 565 1512 620 timore

228 645 472 697 macerat
505 641 724 695 invidia.
761 645 890 696 ante
925 641 1108 694 oculos
1142 642 1293 695 illum
1332 657 1451 695 csse
1486 646 1785 713 potentem,
1885 656 1942 700 7⁵

227 719 381 772 illum
416 717 704 786 aspectari‚
739 717 886 771 claro
920 716 1014 785 qui
1049 716 1260 771 incedit
1293 716 1511 786 honore,

229 795 333 864 ipsi
370 811 432 848 86
463 794 521 847 in
555 794 800 847 tenebris
834 792 977 846 volvi
1012 809 1291 862 caenoque
1326 798 1646 863 queruntur.

229 871 514 925 intereunt
549 872 749 939 partim
787 872 1094 924 statuarum
1130 873 1190 923 et
1226 870 1458 924 nominis
1492 888 1638 939 ergo.

228 951 287 1001 et
323 964 486 1016 saepe
521 963 695 1016 usque
732 945 886 1013 adeo,
921 946 1114 999 mortis
1150 946 1457 1015 formidine,
1494 947 1640 1001 vitae
1887 989 1890 993 ,

228 1024 465 1093 percipit
500 1022 767 1077 humanos
802 1022 987 1077 odium
1023 1020 1268 1091 lucisque
1289 1022 1584 1088 ridendae„
1882 1042 1939 1082 so

229 1105 295 1155 ut
330 1101 434 1155 sibi
470 1100 810 1155 consciscant
844 1098 1110 1153 maerenti
1148 1101 1372 1168 pectore
1407 1098 1581 1152 letum

230 1177 390 1231 obliti
427 1177 636 1229 fontem
672 1192 925 1230 curarum
959 1174 1102 1228 hunc
1139 1191 1259 1228 esse
1295 1174 1561 1242 timorem,

229 1253 372 1308 hunc
407 1269 608 1307 vexare
642 1251 924 1322 pudorem,
957 1251 1102 1305 hunc
1140 1250 1353 1304 vincula
1387 1251 1646 1304 amicitiai

227 1338 484 1398 rumpere
520 1331 579 1381 et
612 1328 669 1380 in
704 1343 915 1379 summa
948 1328 1213 1395 pietatem
1248 1330 1496 1380 evertere
1527 1326 1713 1381 fundo.

226 1421 352 1458 nam
386 1404 493 1456 iam
524 1419 686 1470 saepe
715 1401 961 1455 homines
997 1402 1233 1471 patriam
1267 1418 1530 1471 carosque
1564 1406 1810 1473 parentis
1879 1425 1933 1464 8⁵

227 1479 607 1550 prodiderunt,
643 1478 819 1530 vitare
858 1477 1164 1531 Acherusia
1199 1477 1404 1546 templa
1437 1483 1707 1547 petentes.

227 1572 351 1609 nam
386 1552 557 1607 veluti
592 1552 749 1622 pueri
785 1551 1067 1622 trepidant
1102 1555 1273 1621 atque
1308 1554 1491 1607 omnia
1526 1556 1703 1610 caecis
1732 1551 1779 1574 ἱ

226 1635 283 1687 in
319 1629 563 1686 tenebris
595 1632 868 1697 metuunt,
908 1629 986 1683 sic
1023 1646 1121 1683 nos
1157 1628 1214 1682 in
1250 1629 1371 1684 luce
1406 1631 1663 1686 timemus

224 1704 519 1774 interdum,
555 1705 664 1759 nilo
700 1721 842 1774 quae
876 1709 1004 1760 sunt
1037 1706 1332 1760 metuenda
1366 1708 1540 1776 magis
1575 1726 1738 1778 quam

227 1801 368 1855 quae
402 1782 559 1854 pueri
591 1782 648 1835 in
682 1781 927 1837 tenebris
961 1782 1210 1852 pavitant
1244 1782 1565 1852 finguntque
1601 1786 1801 1841 sutura.
1877 1805 1930 1844 oo

226 1863 370 1916 hunc
406 1861 576 1933 igitur
610 1862 880 1914 terrorem
916 1859 1083 1914 animi
1117 1858 1487 1929 tenebrasque
1520 1867 1799 1917 necessest

224 1955 336 1993 non
370 1937 511 1992 radii
549 1936 675 1990 solis
710 1953 891 2005 neque
924 1937 1105 1991 lucida
1142 1935 1252 1989 tcla
1286 1935 1397 1989 diei

113 2064 134 2103 ἱ,
224 2014 540 2079 discutiant,
576 2013 675 2066 sed
712 2017 940 2067 naturae
977 2012 1185 2081 species
1221 2012 1484 2078 ratioque.

296 2090 539 2143 Primum
563 2088 802 2141 animum
827 2088 963 2155 dico,
989 2090 1231 2140 mentem
1262 2101 1427 2152 quam
1459 2101 1622 2152 saepe
1650 2105 1922 2160 vocamus,

222 2168 281 2221 in
318 2183 424 2234 quo
461 2163 740 2219 consilium
775 2163 922 2216 vitae
957 2162 1309 2228 regimenque
1344 2158 1580 2211 locatum
1617 2166 1717 2227 cst,
1871 2180 1923 2220 95

223 2258 344 2296 esse
381 2238 611 2293 hominis
645 2239 859 2304 partem
884 2236 992 2288 nilo
1027 2235 1203 2287 minus
1239 2248 1302 2283 ac
1335 2248 1527 2284 manus
1562 2237 1622 2286 ot
1655 2251 1755 2303 pcs

221 2320 388 2384 atque
423 2312 596 2368 oculei
629 2312 817 2377 partes
851 2309 1142 2361 animantis
1176 2306 1346 2359 totius
1383 2310 1589 2360 extant.

221 2482 441 2526 sensum
475 2460 640 2518 animi
674 2460 827 2512 certa
860 2473 968 2510 non
1003 2473 1125 2512 esse
1157 2457 1213 2510 in
1247 2461 1407 2527 parte
1442 2458 1696 2531 locatum,

222 2560 411 2601 verum
446 2539 694 2594 habitum
729 2534 1005 2603 quendam
1037 2534 1259 2588 vitalem
1295 2537 1538 2607 corporis
1573 2555 1709 2608 essc,

221 2618 557 2679 harmoniam
593 2609 727 2668 Grai
762 2626 927 2685 quam
963 2610 1169 2681 dicunt,
1203 2613 1354 2682 quod
1386 2614 1550 2669 faciat
1584 2633 1683 2671 nos
1844 2631 1919 2672 100

220 2701 403 2755 vivere
438 2709 562 2748 cum
596 2704 770 2752 sensu,
805 2687 954 2743 nulla
988 2706 1112 2744 cum
1146 2689 1204 2743 in
1238 2694 1399 2758 parte
1432 2692 1539 2748 siet
1573 2710 1728 2749 1116118
1743 2714 1757 2759 ;

218 2778 284 2831 ut
318 2774 461 2826 bona
495 2784 659 2836 saepe
695 2765 951 2820 valetudo
987 2784 1111 2821 cum
1147 2767 1351 2822 dicitur
1385 2787 1506 2826 6886

218 2847 472 2918 corporis,
511 2847 570 2899 et
604 2860 711 2896 non
746 2846 832 2896 cst
867 2847 1052 2900 tamen
1087 2845 1223 2899 haec
1258 2863 1385 2915 pars
1420 2848 1531 2901 ulla
1565 2848 1810 2902 valentis.

218 2927 296 2981 sic
331 2921 496 2976 animi
529 2934 747 2974 sensum
780 2936 887 2973 non
923 2925 1076 2976 certa
1109 2925 1269 2992 parte
1302 2927 1573 2991 reponunt
1588 2946 1602 2990 3

217 3012 414 3064 magno
449 3012 612 3062 opere
645 2995 700 3047 in
737 3012 844 3064 quo
878 2998 953 3049 mi
990 2997 1193 3051 diversi
1228 3013 1412 3051 errare
1447 2993 1718 3055 videntur.
1839 3016 1912 3056 105

219 3089 382 3141 saepe
414 3072 616 3139 itaque,
644 3071 699 3123 in
731 3077 992 3140 promptu
1015 3090 1212 3142 corpus
1245 3073 1392 3141 quod
1420 3076 1676 3145 cernitur,
1705 3082 1910 3146 aegra,

211 3164 339 3188 mm
375 3151 560 3208 tamen
594 3162 663 3203 cx
699 3146 805 3198 alia
837 3144 1109 3201 lactamur
1143 3152 1302 3216 parto
1336 3147 1560 3217 latenti;
