2259 3442
1082 125 1140 179 V
1236 120 1239 127 ’
1853 126 1967 184 123

267 235 329 287 et
361 231 558 299 quibus
591 231 683 284 illc
718 231 897 284 modis
932 247 1254 299 congressus
1288 232 1539 286 materiai

264 308 513 362 fundarit
546 310 754 361 terram
787 307 997 361 caelum
1031 324 1186 361 mare
1221 307 1403 362 sidera
1438 308 1607 361 solem

265 385 523 454 lunaique
555 382 808 453 globum;
841 387 961 438 tum
997 401 1140 453 quae
1175 385 1374 438 tellure
1409 385 1711 438 animantes

266 461 569 529 extiterint,
605 462 665 515 et
698 477 841 529 quae
874 461 1023 514 nullo
1059 462 1170 516 sint
1203 464 1454 531 tempore
1488 463 1685 523 natae3
1922 475 1972 516 70

267 554 444 606 quove
477 537 641 591 modo
675 553 849 605 genus
882 538 1179 591 humanum
1216 538 1464 591 variante
1495 536 1734 604 loquella

266 614 510 684 coeperit
543 615 689 668 inter
723 631 783 668 se
818 614 962 668 vesci
998 631 1100 684 per
1135 614 1355 667 nomina
1389 630 1603 678 rerum3

266 694 326 745 et
360 689 557 758 quibus
589 690 681 744 ille
716 690 896 743 modis
932 689 1111 743 divom
1149 693 1328 744 metus
1363 689 1651 743 insinuarit

167 754 182 813 ·[
265 774 506 835 pectora,
541 771 814 821 terrarum
850 768 943 836 qui
978 768 1031 820 in
1070 768 1189 821 orbi
1227 772 1416 821 sancta
1448 770 1641 820 tuetur

167 856 177 862 ·
263 844 391 897 fana
422 844 575 898 lacus
607 844 759 897 lucos
793 861 916 898 aras
952 845 1345 913 simulacraque
1382 843 1581 897 divom.
1926 856 1975 910 75»

265 924 557 990 praeterea
590 921 718 974 solis
752 937 944 974 cursus
978 920 1249 989 lunaeque
1284 924 1497 973 meatus

267 996 556 1066 expediam
593 1013 703 1065 qua
737 997 791 1049 vi
826 997 1016 1050 flectat
1050 1001 1252 1050 natura
1285 995 1628 1064 gubernans3

267 1089 336 1126 ne
371 1073 515 1126 forte
548 1073 683 1126 haec
716 1073 862 1126 inter
896 1072 1103 1126 caelum
1140 1075 1454 1141 terramque
1488 1088 1711 1124 reamur

264 1147 440 1202 libera
475 1152 671 1218 sponte
707 1166 805 1202 sua
839 1164 1030 1201 cursus
1064 1148 1302 1201 lustrare
1339 1147 1593 1216 perennis

267 1225 538 1292 morigera
572 1226 646 1278 ad
678 1226 865 1293 fruges
900 1224 1180 1292 augendas
1216 1228 1383 1293 atque
1417 1222 1723 1290 animantiS,
1925 1238 1975 1276 80

266 1316 405 1354 neve
440 1301 621 1368 aliqua
656 1301 839 1354 divom
876 1301 1020 1354 volvi
1055 1299 1264 1354 ratione
1299 1303 1570 1370 putemus,

266 1393 394 1430 nam
430 1376 580 1449 bene⁸
605 1378 698 1446 qui
734 1377 977 1431 didicere
1013 1377 1147 1430 deos
1183 1392 1432 1430 securum
1466 1393 1630 1445 agere
1666 1392 1872 1444 aevom,

268 1454 315 1507 si
350 1456 535 1508 tamen
569 1453 781 1508 interea
816 1454 1086 1508 mirantur
1120 1470 1230 1522 qua
1264 1453 1475 1507 ratione

211 1558 219 1567 ·
268 1546 517 1600 quaeque
550 1531 670 1598 geri
706 1531 935 1601 possint,
975 1530 1300 1600 praesertim
1335 1530 1501 1584 rebus
1535 1529 1594 1583 in
1626 1529 1735 1583 illis

268 1623 409 1676 quae
446 1624 646 1677 supera
682 1611 848 1678 caput
883 1607 1144 1662 aetheriis
1178 1612 1476 1662 cernuntur
1507 1606 1564 1659 in
1600 1608 1728 1675 oris,
1927 1621 1976 1657 85

249 1699 457 1737 rursus
491 1683 549 1737 in
584 1685 837 1752 antiquas
871 1684 1189 1737 referuntur
1222 1684 1510 1752 religiones

269 1764 330 1814 et
366 1759 613 1813 dominos
647 1761 789 1813 acris
826 1759 1153 1827 adsciscunt,
1188 1760 1367 1813 omnia
1399 1775 1561 1827 posse

270 1851 408 1904 quos
442 1836 628 1888 miseri
663 1836 912 1902 credunt,
947 1836 1123 1902 ignari
1159 1835 1293 1902 quid
1328 1838 1493 1902 queat
1528 1851 1664 1903 csse,

269 1911 407 1979 quid
441 1913 696 1980 nequeat,
731 1912 889 1964 finita
922 1908 1173 1980 potestas
1209 1910 1446 1978 denique
1481 1910 1675 1978 cuique

270 1994 507 2054 quanam
544 1987 619 2041 sit
654 1987 867 2040 ratione
901 1994 1067 2054 atque
1102 1987 1215 2041 alte
1249 1987 1517 2040 terminus
1550 1986 1797 2041 haerens.
1930 2001 1978 2039 oo

333 2063 504 2128 >Quod
540 2065 806 2132 superest,
841 2079 911 2116 ne
946 2065 1005 2116 te
1038 2063 1096 2115 in
1132 2062 1411 2133 promissis
1445 2063 1604 2132 plura
1637 2080 1928 2131 moremur,

269 2139 538 2210 principio
573 2140 746 2193 maria
779 2155 844 2193 ac
878 2143 1057 2193 terras
1092 2140 1412 2208 caelumque
1446 2144 1633 2203 tuot-03

269 2234 501 2285 quorum
536 2221 789 2271 naturam
823 2217 1113 2287 triplicem,
1150 2216 1260 2270 tria
1294 2232 1539 2287 corpora,
1576 2217 1823 2286 Memmi,

268 2293 373 2347 tris
409 2295 617 2363 species
651 2298 767 2348 tam
804 2293 1097 2362 dissimiliS,
1131 2293 1243 2348 tria
1276 2292 1427 2348 talia·
1445 2296 1616 2359 texta,

267 2386 378 2424 una
412 2370 531 2425 dies
567 2371 725 2426 dabit
759 2371 944 2438 exitio,
979 2371 1293 2440 multosque
1326 2387 1429 2440 per
1463 2387 1633 2424 annos
1927 2384 1976 2422 95

270 2450 579 2501 sustentata
613 2451 740 2502 ruet
774 2447 947 2501 moles
982 2453 1041 2502 et
1076 2448 1327 2502 machina
1360 2448 1565 2501 mundi.

270 2539 372 2576 uec
406 2540 497 2576 me
534 2524 699 2576 animi
733 2524 878 2578 fallit
911 2541 1076 2592 quam
1112 2541 1202 2578 res
1237 2541 1378 2578 nova
1411 2525 1658 2592 miraque
1690 2523 1861 2576 menti

270 2598 486 2652 accidat
521 2600 749 2654 exitium
785 2600 924 2653 caeli
959 2604 1252 2670 terraeque
1287 2602 1547 2670 futurum,

273 2679 333 2730 et
367 2691 532 2744 quam
569 2675 788 2730 difficile
823 2675 883 2729 id
916 2677 1053 2730 mihi
1088 2677 1160 2732 sit
1195 2677 1513 2747 pervincere
1549 2676 1743 2741 dictis;

271 2755 336 2806 ut
370 2752 436 2806 fit
471 2751 567 2806 ubi
600 2752 875 2807 insolitam
910 2769 1030 2807 rem
1065 2754 1331 2824 adportes
1365 2754 1589 2807 auribus
1622 2757 1753 2807 ante
1910 2767 1983 2807 100

269 2843 373 2882 nee
408 2831 596 2882 tamen
629 2829 770 2883 hanc
804 2830 982 2899 possis
1017 2831 1296 2884 oculorum
1333 2830 1569 2884 subdere
1603 2829 1723 2883 visu

272 2920 375 2958 nec
409 2904 588 2960 iacere
621 2906 757 2960 indu
791 2923 998 2974 manuS,
1033 2906 1122 2960 via
1158 2924 1266 2974 qua
1299 2907 1507 2960 munita
1541 2906 1671 2960 fidei

271 2981 522 3049 proxima
555 2982 667 3036 fert
700 2982 997 3037 humanum
1032 2982 1092 3035 in
1125 2986 1320 3052 pectus
1354 2983 1672 3054 templaque
1706 2983 1923 3037 mentis,

272 3056 375 3110 sed
408 3060 595 3112 tamen
629 3058 855 3121 effabor„
885 3059 1050 3114 dictis
1086 3059 1242 3112 dabit
1277 3060 1396 3128 ipsa
1432 3058 1597 3113 fidem
1634 3076 1725 3114 res

271 3133 502 3188 forsitan
535 3138 596 3188 et
627 3137 870 3203 graviter
902 3137 1177 3190 terrarum
1213 3135 1453 3189 motibus
1488 3137 1624 3190 ortis
1912 3148 1982 3186 105

273 3210 456 3264 omnia
488 3213 832 3280 conquassari
867 3213 924 3267 iu
960 3228 1131 3280 parvo
1168 3216 1417 3282 tempore
1453 3228 1657 3265 cernes,
