2259 3442
1207 106 1278 163 II
2018 106 2097 169 47

297 225 363 258 σω
385 210 637 263 naturam
671 211 732 263 et
764 185 945 263 mores
977 211 1285 278 generatim
1319 227 1570 281 quaeque
1605 208 1906 290 imitantur.

385 287 543 339 tanta
576 289 665 341 est
697 284 754 339 in
788 284 981 353 quovis
1012 303 1218 355 genere
1251 288 1458 342 herbae
1489 288 1738 343 materiai

390 360 669 414 dissimilis
704 362 863 430 rati0,
899 364 1056 417 tanta
1090 367 1178 418 ost
1212 363 1269 417 in
1306 363 1527 418 flumine
1562 380 1795 434 quoque.

387 436 510 490 hinc
547 453 711 506 porro
747 438 990 506 quamvis
1024 439 1361 494 animantem
1397 456 1465 494 ex
1501 439 1752 495 omnibus
1786 456 1951 495 unam

368 511 507 567 ‘ossa
541 529 705 567 cruor
738 530 907 568 venae
942 514 1088 568 calor
1122 531 1282 569 umor
1315 516 1524 571 viscera
1557 515 1712 571 nervi
2024 532 2099 574 ⁶70

295 608 359 641 πο
383 589 752 655 constituunt;
786 606 928 660 quae
964 594 1093 645 sunt
1126 608 1292 661 porro
1308 626 1312 630 -
1329 592 1591 646 distantia
1626 592 1801 661 longe,

383 665 631 719 dissimili
668 666 917 736 perfecta
950 667 1126 736 figura
1161 667 1563 737 principiorum.

384 748 500 795 tum
536 758 700 812 porro
735 759 1108 812 quaecumque
1144 743 1260 812 igni
1295 743 1570 798 flammata
1603 746 1934 814 cremantur,

382 817 428 870 si
463 817 539 871 nil
573 822 877 887 praeterea,
914 822 1099 874 tamen
1136 820 1272 875 haec
1304 818 1361 873 iu
1397 835 1623 890 corpore
1657 821 1902 875 condunt

368 894 525 948 'undo
560 895 741 963 ignem
777 895 957 950 iacere
992 899 1050 951 et
1084 896 1268 950 lumen
1306 897 1651 951 summittere
1683 896 1899 966 possint
2023 911 2096 953 675

291 986 354 1018 m
381 970 752 1039 scintillasque
786 988 952 1039 agere
987 989 1052 1027 ac
1086 972 1199 1027 late
1236 971 1457 1026 differre
1492 971 1747 1026 favillam.

380 1049 568 1099 cetera
602 1046 867 1100 consimili
903 1047 1106 1101 mentis
1142 1047 1354 1101 ratione
1388 1063 1686 1115 peragrans

380 1120 621 1176 invenies
656 1122 825 1190 igitur
859 1123 1158 1176 multarum
1194 1123 1401 1176 semina
1437 1138 1620 1176 rerum

380 1213 608 1267 corpore
644 1197 821 1252 celare
857 1202 916 1252 et
952 1199 1127 1252 varias
1162 1197 1417 1252 cohibere
1454 1197 1670 1266 figuras.

284 1265 356 1317 s
367 1273 615 1342 denique
639 1273 812 1327 multa
836 1273 989 1328 vides
1012 1272 1210 1341 quibus
1233 1277 1295 1327 et
1316 1275 1463 1328 color
1487 1275 1546 1327 et
1569 1289 1730 1343 sapor
1751 1289 1863 1328 una
2017 1289 2092 1331 eso

282 1367 347 1400 mu
379 1348 599 1403 reddita
632 1353 761 1404 sunt
795 1366 920 1405 cum
954 1350 1137 1404 odore.
1171 1350 1229 1403 in
1263 1350 1431 1420 privis
1465 1349 1725 1419 pleraque
1760 1350 1905 1404 dona

378 1424 513 1479 haec
548 1425 717 1493 igitur
750 1427 916 1481 variis
952 1427 1161 1481 debent
1196 1430 1447 1482 constare
1482 1426 1703 1494 figuris·
1691 1468 1704 1492 ,

377 1501 539 1555 nidor
574 1502 719 1556 enim
754 1505 1013 1573 penetrat
1048 1520 1171 1573 <1¹1st
1192 1503 1350 1557 fucus
1386 1520 1493 1556 non
1527 1503 1574 1557 it
1609 1503 1665 1556 in
1700 1506 1870 1568 artus,

376 1577 533 1632 fucus
568 1578 701 1634 item
738 1596 965 1647 sorsum,
1000 1596 1228 1633 sorsum
1262 1597 1425 1650 sapor
1461 1580 1767 1633 insinuatur

377 1655 654 1721 sensibus;
690 1658 756 1709 ut
789 1672 981 1710 noscas
1015 1656 1185 1725 privis
1221 1655 1440 1711 differre
1477 1655 1680 1724 figuris.
2022 1671 2096 1708 oss

377 1730 670 1785 dissimiles
704 1732 873 1800 igitur
908 1731 1115 1787 formae
1152 1732 1522 1801 glomeramen
1557 1733 1614 1785 in
1648 1748 1817 1785 unum

377 1808 706 1861 conveniunt
741 1811 801 1862 et
836 1824 925 1861 res
961 1809 1239 1877 permixto
1276 1810 1480 1863 semine
1515 1810 1780 1862 constant.

377 1883 506 1950 quin
543 1883 710 1937 etiam
744 1883 949 1952 passim
983 1885 1186 1938 nostris
1220 1884 1277 1939 in
1312 1883 1557 1939 versibus
1591 1883 1725 1951 ipsis

377 1958 550 2011 multa
585 1959 857 2012 elementa
891 1958 1045 2011 vides
1079 1959 1270 2014 multis
1307 1959 1612 2014 communia
1647 1956 1845 2024 verbis,

367 2046 501 2086 'cum
536 2036 720 2088 tamen
757 2033 903 2088 inter
938 2051 997 2088 se
1034 2051 1224 2088 versus
1259 2052 1323 2090 ac
1358 2034 1526 2088 verba
1558 2049 1782 2087 necesse
1816 2034 1905 2087 est
2020 2048 2096 2088 ωο

376 2109 673 2164 confiteare
708 2110 814 2165 alia
849 2127 918 2165 ex
953 2110 1073 2164 aliis
1108 2115 1358 2165 constare
1397 2109 1709 2175 elementis;

376 2202 481 2239 non
517 2203 624 2256 quo
659 2187 835 2242 multa
868 2203 1063 2257 parum
1099 2186 1400 2240 communis
1435 2185 1625 2240 littera
1659 2191 1847 2242 currat

376 2266 474 2317 aut
509 2263 658 2318 nulla
693 2264 838 2318 inter
873 2280 932 2318 se
968 2263 1077 2317 duo
1113 2263 1225 2317 sint
1260 2279 1330 2318 ex
1366 2261 1617 2316 omnibus
1654 2263 1847 2332 isdem,

377 2338 477 2391 sed
511 2340 638 2408 quia.
672 2357 779 2393 non
815 2340 973 2404 volgo
1007 2340 1164 2409 paria
1198 2339 1447 2394 omnibus
1482 2337 1663 2392 omnia
1698 2344 1964 2396 constent.

369 2413 456 2467 sic
492 2414 607 2467 aliis
641 2416 698 2468 in
732 2416 897 2469 robus
931 2416 1066 2470 item
1103 2417 1411 2471 communia
1447 2414 1621 2470 multa
2019 2433 2092 2473 605

376 2488 671 2542 multarum
706 2507 890 2544 rerum
926 2508 1049 2545 cum
1085 2491 1198 2546 sint
1230 2492 1543 2563 primordia,
1578 2509 1768 2546 verum

377 2563 627 2618 dissimili
662 2567 848 2619 tamen
884 2568 1031 2621 inter
1064 2582 1124 2620 se
1161 2568 1460 2622 consistere
1496 2585 1710 2622 summa

274 2649 282 2663 '
376 2642 638 2707 possunt3
672 2643 737 2694 ut
769 2643 968 2696 merito
1003 2659 1073 2697 ex
1107 2642 1229 2696 aliis
1264 2647 1513 2698 constare
1548 2644 1758 2698 feratur

376 2713 669 2768 humanum
703 2732 878 2785 genus
912 2722 972 2772 et
1002 2719 1196 2786 fruges
1233 2718 1567 2788 arbustaque
1601 2719 1761 2773 laeta.

446 2790 499 2843 N
502 2806 564 2844 ee
582 2793 766 2845 tamen
791 2792 1114 2847 omnimodis
1139 2796 1348 2848 conecti
1374 2812 1533 2864 posse
1556 2794 1865 2865 putandum
1888 2799 1975 2853 est
2020 2811 2091 2853 700

378 2865 574 2920 omnia.
610 2883 737 2922 nam
772 2868 928 2937 volgo
965 2869 1086 2924 fieri
1120 2872 1380 2938 portenta
1415 2871 1646 2940 videres,
1670 2877 1690 2893 “

377 2942 663 2997 semiferas
698 2944 974 2999 hominum
1012 2945 1224 3016 species
1260 2946 1498 3000 existere
1533 2951 1592 3002 et
1626 2948 1770 3004 altos

376 3018 653 3074 interdum
689 3037 868 3076 ramos
901 3023 1084 3092 egigni
1119 3037 1350 3092 corpore
1385 3022 1520 3091 vivo,

377 3095 659 3163 multaque
696 3098 907 3152 conecti
942 3098 1232 3154 terrestria
1265 3098 1513 3153 membra
1547 3099 1788 3167 marinis,

378 3173 499 3225 tum
533 3171 803 3227 flammam
839 3178 1019 3230 taetro
1054 3175 1314 3246 spirantis
1348 3191 1446 3230 ore
1481 3174 1796 3230 Chimaeras
2016 3185 2088 3226 Ψ
