2259 3442
338 262 410 301 ex
442 245 658 300 infinito
690 248 960 313 vexantur
993 245 1205 315 percita
1237 245 1430 315 plagis,
1950 259 2049 302 1025

336 338 495 375 omne
527 338 701 390 genus
734 325 917 376 motus
950 324 1010 377 et
1042 324 1234 376 coetus
1269 322 1607 392 experiundo

335 397 560 452 tandem
596 397 943 453 deveniunt
928 416 983 451 m
1018 399 1147 453 talis
1183 399 1556 468 disposituras,

335 473 588 543 qualibus
622 475 757 529 haee
790 491 976 529 rerum
1011 474 1263 530 eonsistit
1298 492 1510 530 summa
1542 480 1742 545 ereata,

334 553 395 605 et
427 550 631 605 multos
664 549 833 605 etiam
867 567 1091 619 magnos
1125 555 1345 617 servata
1376 568 1478 622 per
1511 568 1681 606 annos

332 629 399 681 ut
430 627 600 682 semel
634 628 689 681 in
726 631 909 682 motus
943 627 1243 683 coniectast
1277 628 1663 698 convenientis,
1949 642 2047 684 1000

333 703 501 757 efficit
531 708 596 759 ut
629 702 797 773 largis
831 702 1051 758 avidum
1085 720 1239 759 mare
1274 704 1510 758 fluminis
1543 704 1704 760 undis

335 778 615 848 integrent
650 796 837 835 amnes
872 783 932 834 et
966 780 1095 835 solis
1130 783 1282 835 terra
1314 797 1516 851 vapore

332 855 449 910 fota
482 860 648 911 novet
681 857 828 911 fetus
862 857 1258 925 summissaque
1292 873 1428 926 gens
1462 857 1799 913 animantum

336 930 531 987 floreat
563 936 624 987 et
658 932 844 987 vivant
879 932 1129 987 labentes
1165 932 1405 987 aetheris
1440 933 1626 1002 ignes3

332 1007 481 1076 quod
516 1008 663 1062 1111Πο
697 1009 942 1063 facerent
975 1012 1153 1078 paeto,
1188 1009 1292 1062 nisi
1326 1009 1576 1063 materiai
1945 1016 2043 1065 1035

330 1098 402 1136 ex
434 1083 646 1137 infinito
681 1083 917 1138 suboriri
949 1084 1105 1153 eopia
1137 1087 1338 1173 posset,

331 1147 480 1214 unde
514 1160 712 1213 amissa
745 1159 924 1213 solent
956 1176 1217 1228 reparare
1250 1161 1305 1213 in
1341 1163 1591 1229 tempore
1626 1175 1891 1230 quaeque.

329 1251 458 1288 110111
492 1235 666 1290 veluti
706 1235 921 1304 privata
955 1234 1075 1289 cibo
1109 1238 1309 1289 natura
1342 1237 1682 1290 animantum

333 1310 533 1365 diffluit
567 1311 826 1365 amittens
860 1326 1071 1379 corpus,
1107 1312 1185 1365 sie
1219 1311 1400 1366 omnia
1434 1311 1643 1367 debent

332 1386 556 1441 dissolui
590 1386 752 1441 simul
784 1403 848 1441 00
882 1387 1086 1443 defecit
1119 1388 1473 1478 suppeditare
1944 1403 2041 1445 1010

332 1464 590 1518 materies
623 1463 807 1534 aliqua
840 1463 1054 1518 ratione
1089 1481 1283 1518 aversa
1314 1464 1437 1519 viai.
1564 1482 1609 1503 f·

330 1556 432 1594 nee
464 1540 660 1609 plagae
694 1544 920 1609 possunt
955 1541 1296 1596 extrinsecus
1329 1541 1574 1612 undique
1610 1558 1878 1597 summam

330 1631 651 1670 conservare
686 1632 900 1672 omnem
926 1634 1312 1691 quaecumque
1347 1621 1435 1672 est
1469 1618 1771 1674 conciliata.

330 1691 531 1746 cudere
568 1694 710 1747 enim
747 1692 937 1747 crebro
972 1697 1204 1762 possunt
1238 1696 1563 1763 partemque
1597 1694 1814 1764 morari,

292 1772 297 1779 ’
328 1767 460 1820 (111111
498 1768 719 1822 veniant
755 1770 891 1822 aliae
925 1786 989 1822 ae
1023 1769 1265 1838 suppleri
1301 1786 1513 1824 summa
1546 1773 1796 1839 queatur.
1943 1785 2039 1826 1015

327 1843 605 1898 interdum
641 1843 851 1898 resilire
886 1848 1071 1898 tamen
1108 1849 1379 1913 eoguntur
1413 1850 1472 1900 et
1506 1862 1617 1899 una

327 1919 609 1988 principiis
643 1936 827 1973 rerum
864 1921 1100 1989 spatium
1140 1924 1466 1991 tempusque
1500 1921 1651 1991 fugai

325 1995 528 2063 largiri,
564 1997 629 2049 ut
664 1996 876 2063 possint
909 2013 943 2049 a
979 2001 1143 2050 eoetu
1177 1997 1354 2050 libera
1388 1997 1535 2051 ferri.

328 2086 501 2138 quare
538 2070 706 2125 etiam
741 2075 911 2141 atque
947 2074 1113 2128 etiam
1152 2072 1386 2127 suboriri
1421 2072 1596 2127 multa
1629 2075 1920 2162 necessest,

327 2150 387 2200 et
417 2150 602 2202 tamen
630 2151 696 2203 ut
720 2149 916 2219 plagae
936 2166 1165 2219 quoque
1194 2151 1403 2220 possint
1429 2150 1760 2219 suppetere
1744 2166 1911 2219 ipsae,
1929 2164 2038 2207 1050

252 2222 540 2297 infinita
575 2241 713 2294 opus
747 2228 833 2279 est
868 2225 950 2279 vis
985 2226 1231 2296 undique
1264 2226 1530 2281 materiai.

194 2299 546 2363 fluud
580 2301 638 2354 in
674 2300 761 2354 his
794 2301 960 2356 rebus
997 2301 1159 2370 longe
1193 2302 1323 2370 fuge
1359 2302 1603 2369 medere,
1640 2300 1883 2372 Memmi,

325 2374 381 2427 111
418 2376 660 2430 medium
696 2394 939 2433 summae
974 2379 1125 2448 quod
1159 2378 1352 2433 dieunt
1388 2379 1569 2434 omnia
1602 2378 1721 2447 niti,

326 2454 494 2519 atque
528 2452 656 2505 ideo
690 2453 880 2507 mundi
916 2459 1173 2509 naturam
1210 2459 1359 2509 stare
1395 2455 1513 2510 sine
1546 2454 1671 2509 ullis

325 2525 524 2581 ictibus
558 2529 802 2583 externis
835 2546 1015 2599 neque
1052 2546 1329 2601 quoquam
1364 2546 1525 2601 posse
1561 2529 1759 2584 resolvi
1938 2542 2034 2585 1055

323 2618 538 2656 summa
571 2606 739 2671 atque
770 2604 895 2673 ima,
930 2606 1079 2675 quod
1112 2608 1170 2660 in
1206 2606 1447 2661 medium
1485 2607 1596 2661 sint
1631 2606 1809 2660 omnia
1842 2605 1997 2663 nixa:

291 2669 500 2751 Cipsum
535 2679 581 2733 si
617 2679 907 2748 quiequam
942 2699 1102 2751 posse
1135 2685 1193 2737 in
1230 2700 1289 2737 se
1325 2682 1521 2736 sistere
1556 2672 1762 2755 (31οᾶ19

323 2758 382 2809 et
416 2771 558 2824 01100
592 2754 837 2825 pondera
873 2761 1002 2812 sunt
1037 2758 1140 2812 sub
1173 2760 1339 2813 terris
1373 2758 1553 2812 omnia
1588 2774 1802 2813 sursum

321 2831 489 2885 nitier
521 2832 578 2885 in
614 2834 875 2902 terraque
911 2838 1061 2888 retro
1098 2836 1444 2904 requiescere
1478 2837 1652 2904 posta,

319 2910 384 2960 ut
419 2923 520 2976 per
553 2923 724 2977 aquas
759 2925 897 2978 quae
933 2927 1076 2964 nune
1105 2927 1290 2965 rerum
1323 2909 1610 2965 simulacra
1642 2909 1902 2968 videmus.
1935 2921 2035 2968 1000

166 2982 380 3037 met
418 2983 579 3037 simili
613 2983 825 3039 ratione
860 2986 1114 3041 animalia
1150 3004 1323 3057 suppa
1357 2986 1541 3054 vagari

321 3059 662 3114 eontendunt
698 3077 877 3131 neque
912 3079 1073 3131 posse
1108 3080 1142 3118 0
1177 3064 1341 3118 terris
1374 3063 1431 3117 in
1466 3063 1585 3116 loca
1617 3063 1754 3117 caeli

319 3135 596 3191 reccidere
630 3136 888 3194 inferiora
922 3140 1098 3209 magis
1136 3156 1297 3210 quam
1334 3152 1563 3209 corpora
1597 3142 1789 3193 nostra

321 3214 516 3279 sponte
551 3227 651 3266 sua
683 3214 897 3281 possint
930 3216 988 3270 in
1022 3217 1158 3272 caeli
1193 3217 1401 3288 templa
1436 3215 1635 3270 volare.
