2259 3442
332 242 500 296 quem
532 242 714 297 neque
745 227 894 280 fama
926 226 1094 281 deum
1128 243 1230 282 nec
1263 226 1506 282 fulmina
1525 244 1628 283 nec
1661 229 1938 284 minitanti

332 321 612 360 murmure
646 305 970 374 compressit
1005 306 1231 374 caelum,
1268 306 1369 360 sed
1404 323 1471 360 eo
1504 308 1681 376 magis
1715 323 1896 362 acrem

330 380 524 457 inritat
558 382 724 437 animi
758 381 1040 451 virtutem,
1075 383 1367 452 effringere
1403 385 1468 437 ut
1502 386 1644 439 arta*
1740 394 1890 465 naq}
1997 397 2046 437 ‘70
2081 383 2185 439 νὶοθ
2209 370 2259 469 5]

328 462 561 513 naturae
594 458 806 527 primus
839 461 1124 528 portarum
1159 460 1400 515 claustra
1433 460 1662 529 cupiret.

210 562 253 572 ——
307 538 464 603 (ergo
482 532 700 589 'vivida'
716 535 799 590 vis
833 535 1000 589 animi
1035 536 1281 606 pervicit,
1316 540 1377 590 et
1411 541 1573 590 extra
1599 577 1608 584 .

328 612 600 680 processit
632 612 796 681 longe
828 611 1167 669 flammantia
1199 613 1413 666 moenia
1445 612 1636 667 mundi

330 693 499 758 atque
533 706 694 744 omne
727 690 1055 744 immensum
1089 690 1407 761 peragravit
1443 693 1630 745 mente
1664 689 1970 761 animoque,

328 765 478 821 unde
511 766 686 822 refert
718 767 877 821 nobis
912 766 1087 821 victor
1120 766 1259 838 quid
1291 766 1465 836 possit
1500 767 1646 835 oriri,
1993 779 2043 822 75

329 842 466 911 quid
499 847 754 913 nequeat,
791 844 946 899 finita
979 847 1230 913 potestas
1266 843 1507 912 denique
1543 844 1741 914 cuique

328 936 565 989 quanam
601 920 676 976 sit
708 921 923 975 ratione
957 924 1128 989 atque
1164 920 1278 974 alte
1314 919 1581 974 terminus
1614 919 1861 975 haerens.

330 1013 501 1065 quare
536 996 729 1064 religio
764 995 1001 1065 pedibus
1037 995 1285 1049 subiecta
1317 995 1555 1050 vicissim

329 1073 618 1140 opteritur‚
655 1088 753 1126 nos
790 1074 1064 1139 exaequat
1098 1071 1331 1125 victoria
1364 1071 1530 1125 eaelo.
1859 1124 1866 1131 ,
1893 1106 1914 1137 ,.

369 1148 551 1210 [Illud
584 1148 643 1201 in
677 1145 764 1201 his
798 1142 989 1201 rebus³
1000 1163 1209 1214 vereor,
1244 1163 1316 1200 ne
1348 1147 1493 1200 forte
1526 1147 1702 1202 rearis
1757 1146 1792 1189 Γ
1813 1140 1834 1157 ⁷
1994 1163 2045 1202 so

327 1223 479 1292 inpia
511 1229 571 1280 te
604 1224 834 1278 rationis
867 1224 1007 1277 inire
1042 1223 1318 1277 elementa
1350 1223 1602 1292 viamque

326 1300 619 1369 indugredi
655 1300 890 1354 sceleris.
928 1299 1078 1368 quod
1111 1301 1306 1353 contra
1341 1300 1557 1369 saepius
1590 1299 1686 1355 illa

327 1379 520 1447 religio
553 1377 772 1449 peperit
806 1376 1076 1433 scelerosa
1109 1379 1290 1446 atque'
1312 1376 1481 1447 impia
1511 1378 1672 1432 facta.

330 1455 537 1510 Aulide
571 1471 681 1525 quo
715 1457 878 1524 pacto
914 1453 1114 1530 Triviai
1151 1455 1378 1524 virginis
1412 1468 1566 1509 aram

327 1532 671 1601 Iphianassai
702 1533 1001 1601 turparunt
1037 1531 1303 1599 sanguine
1337 1531 1500 1586 foede
1990 1547 2040 1586 ss

326 1609 587 1665 ductores
610 1588 863 1663 fianaum
899 1607 1114 1676 delecti,
1151 1608 1330 1678 prima
1363 1609 1619 1664 virorum.

242 1719 289 1729 υ·
326 1686 414 1740 cui
448 1678 629 1742 simul!
640 1686 811 1741 infula
827 1682 1119 1754 'virgineos
1156 1684 1493 1740 circumdata
1524 1688 1776 1755 comptus

327 1779 399 1818 cx
430 1766 669 1833 utraque
702 1762 823 1832 pari
858 1761 1123 1815 malarum
1159 1765 1321 1830 parte
1354 1763 1645 1830 profusast,

326 1843 386 1894 et
426 1834 698 1894 maaetum
735 1838 897 1892 simul
932 1841 1062 1893 ante
1098 1853 1224 1890 aras
1259 1836 1483 1891 adstare
1517 1841 1806 1907 parentem

327 1916 501 1970 sensit
538 1918 598 1971 et
632 1915 785 1968 hunc-
809 1917 1039 1983 propter
1072 1914 1281 1967 ferrum
1318 1913 1496 1967 celare
1531 1914 1813 1968 ministros
1993 1930 2042 1969 90

327 1995 667 2061 aspectuque
702 1996 801 2043 suo
836 1990 1086 2043 lacrimas
1122 1987 1405 2042 effundere
1438 1989 1587 2059 civis,

326 2071 484 2123 muta
518 2070 670 2122 metu
704 2069 913 2121 terram
946 2064 1181 2134 genibus
1214 2065 1501 2120 summissa
1533 2064 1779 2135 petebat.

325 2161 428 2200 nec
461 2144 695 2199 miserae
727 2141 990 2212 prodesse
1022 2141 1079 2196 in
1113 2141 1214 2196 tali
1250 2144 1501 2212 tempore
1534 2141 1729 2212 quibat

327 2221 480 2291 quod
513 2221 698 2292 patrio
731 2220 983 2289 princeps
1020 2218 1254 2274 donarat
1288 2220 1504 2274 nomine
1539 2235 1744 2288 regem.

327 2315 456 2352 nam
480 2298 696 2352 sublata
717 2296 896 2351 virum
919 2296 1170 2350 manibus
1192 2294 1659 2365 tremibundaque
1682 2295 1756 2351 ad
1778 2312 1903 2351 aras
1988 2310 2037 2350 95

329 2374 638 2443 deductast‚
664 2391 782 2428 non
816 2376 882 2428 ut
917 2373 1165 2428 sollemni
1199 2389 1362 2444 more>
1390 2389 1668 2428 sacrorum

326 2451 572 2522 perfecto
605 2454 790 2521 posset
812 2451 972 2505 claro
1005 2450 1272 2523 comitari
1291 2449 1627 2518 Hymenaeo,

329 2527 429 2583 sed
462 2531 616 2583 casta
649 2526 859 2580 inceste
892 2526 1135 2581 nubendi
1168 2529 1420 2595 tempore
1451 2527 1510 2579 in
1544 2525 1665 2596 ipso

327 2604 508 2660 hostia
541 2601 855 2658 concideret
888 2605 1136 2657 mactatu
1168 2605 1379 2657 maesta
1411 2602 1671 2672 parentis,

327 2682 509 2736 exitus
542 2682 608 2735 ut
640 2678 800 2734 classi
834 2678 966 2732 felix
1000 2680 1322 2749 faustusque
1356 2677 1600 2733 daretur.
1964 2693 2037 2734 100

328 2762 545 2813 tantum
580 2755 771 2824 religio
804 2755 985 2824 potuit
1019 2750 1273 2810 suadere‘
1290 2754 1570 2810 malorum.

272 2848 287 2865 *
399 2835 657 2889 Tutemet
690 2849 725 2886 a
758 2832 917 2885 nobis
951 2832 1059 2885 iam
1096 2831 1287 2900 quovis
1320 2834 1570 2900 tempore
1604 2834 1793 2887 vatum

328 2911 645 2980 terriloquis
679 2909 858 2964 victus
893 2908 1057 2963 dictis
1092 2907 1396 2961 desciscere
1429 2924 1674 2976 quaeres.

329 2989 533 3059 quippe
567 2988 770 3041 etenim
807 3001 972 3054 quam
1005 2984 1183 3038 multa
1215 2982 1318 3037 tibi
1351 2983 1460 3057 iam
1493 2984 1706 3053 fingere
1738 2988 1967 3056 possunt

326 3063 538 3118 somnia
572 3079 714 3132 quae
749 3062 894 3115 vitae
927 3062 1169 3116 rationes
1201 3064 1420 3116 vertere
1452 3062 1664 3130 possint
1963 3075 2035 3115 105

329 3141 686 3209 fortunasque
717 3141 844 3192 tuas
879 3139 1056 3195 omnis
1089 3138 1317 3193 turbare
1350 3138 1577 3193 timore!

332 3220 395 3272 et
425 3215 638 3272 merito.
674 3231 800 3269 nam
836 3215 882 3269 si
918 3219 1125 3270 certam
1161 3216 1325 3270 finem
1361 3232 1482 3269 esse
1518 3213 1768 3267 viderent
