2259 3442
1079 100 1187 156 VI.
1880 98 1996 157 173

284 204 563 259 disturbat
597 204 763 258 urbes
798 208 855 258 et
890 207 1073 257 terrae
1105 206 1290 257 motus
1324 202 1567 260 obortus.
1661 211 1667 216 “

284 281 569 349 multaque
602 283 896 350 praeterea
929 279 1250 334 ceciderunt
1284 279 1500 334 moenia
1531 280 1746 347 magnis
1818 289 1824 294 ‘

285 357 527 411 motibus
561 357 619 410 in
655 356 821 411 terris
856 359 916 418 et
950 356 1158 410 multae
1191 371 1294 424 per
1328 372 1480 409 mare
1515 373 1734 425 pessum

285 433 585 488 subsedere
621 434 735 488 suis
769 434 981 502 pariter
1016 450 1142 487 cum
1178 432 1386 487 civibus
1421 433 1599 488 urbes.
1929 448 2005 487 590

286 509 435 577 quod
472 509 575 563 nisi
610 509 941 579 prorumpit,
975 512 1164 566 tamen
1200 509 1441 578 impetus
1475 509 1594 578 ipse
1629 509 1829 564 animai

283 588 344 639 et
377 584 497 639 fera
531 585 613 640 vis
647 586 799 641 venti
831 602 933 655 per
966 585 1161 640 crebra
1194 585 1462 642 foramina
1495 589 1681 640 terrae

286 661 615 730 dispertitur
645 666 710 717 ut
744 662 938 716 horror
974 664 1033 715 et
1065 661 1266 716 incutit
1299 661 1432 716 inde
1465 665 1795 730 tremorem3

284 737 460 804 frigus
494 737 578 792 uti
614 742 829 793 nostros
862 738 1084 807 penitus
1118 754 1243 792 cum
1280 739 1433 792 venit
1463 739 1522 793 in
1557 744 1730 806 artus,

287 814 533 868 concutit
567 814 767 868 invitos
803 830 1002 883 cogens
1037 817 1279 878 tremere
1313 818 1481 883 atque
1516 832 1750 869 movere.
1923 830 1996 868 595

289 889 513 957 ancipiti
549 889 834 959 trepidant
868 890 1040 958 igitur
1074 893 1290 944 terrore
1324 907 1426 958 per
1459 890 1627 958 urbis,

287 967 440 1019 tecta
473 982 708 1034 superne
743 967 958 1034 timent,
992 969 1249 1019 metuunt
1283 965 1496 1021 inferne
1531 983 1792 1021 cavernas

288 1041 461 1094 terrai
494 1058 564 1095 ne
600 1042 864 1095 dissoluat
897 1045 1099 1095 natura
1132 1045 1377 1110 repente,

288 1132 399 1170 neu
433 1117 699 1182 distracta
733 1134 893 1171 suum
928 1117 1040 1172 late
1076 1117 1375 1187 dispandat
1408 1118 1621 1172 hiatum

289 1193 471 1262 adque
505 1193 617 1247 suis
652 1194 875 1248 confusa
909 1193 1044 1247 velit
1079 1194 1356 1262 complere
1391 1193 1577 1248 ruinis.
1933 1210 2009 1250 ooo

290 1269 521 1339 proinde
557 1270 688 1323 licet
722 1270 969 1338 quamvis
1003 1269 1217 1324 caelum
1252 1273 1572 1339 terramque
1609 1273 1837 1325 reantur

286 1346 606 1415 incorrupta
639 1346 757 1399 fore
792 1349 1050 1400 aeternae
1084 1345 1347 1400 mandata
1380 1345 1573 1412 saluti3

290 1426 350 1476 et
384 1425 570 1475 tamen
604 1422 885 1476 interdum
923 1438 1185 1491 praesens
1220 1422 1302 1475 vis
1336 1422 1459 1492 ipsa
1492 1423 1683 1490 pericli

292 1497 482 1553 subdit
518 1501 577 1553 et
611 1498 756 1563 hunc
795 1498 1078 1563 stimulum
1099 1497 1352 1567 ,quadam
1388 1499 1460 1553 de
1494 1503 1654 1569 parte
1685 1500 1912 1563 timoris,

290 1591 361 1628 ne
397 1574 633 1644 pedibus
677 1575 881 1644 raptim
918 1574 1083 1630 tellus
1119 1574 1405 1629 subtracta
1440 1577 1651 1631 feratur
1935 1591 2008 1631 605

290 1650 348 1703 in
382 1650 703 1705 barathrum
739 1668 1030 1720 rerumque
1066 1654 1332 1720 sequatur
1365 1651 1589 1721 prodita
1623 1669 1835 1707 summa

289 1727 539 1780 funditus
576 1730 635 1781 et
669 1728 768 1781 fiat
803 1728 996 1780 mundi
1028 1728 1255 1781 confusa
1285 1728 1456 1781 ruina.

363 1803 663 1872 [Principio
697 1819 850 1857 mare
885 1803 1158 1856 mirantur
1192 1819 1301 1856 non
1336 1803 1574 1860 reddere
1608 1805 1784 1858 maius

291 1885 562 1945 naturam,
599 1895 722 1947 quo
744 1878 817 1932 sit
850 1881 1040 1941 tantus
1075 1878 1338 1931 decursus
1374 1894 1652 1947 aquarum,

292 1956 472 2010 omnia
507 1971 615 2025 quo
650 1956 873 2009 veniant
908 1971 978 2008 ex
1012 1954 1163 2012 omni
1199 1954 1420 2007 flumina
1453 1957 1626 2023 parte.
1937 1971 2010 2010 610

292 2032 439 2087 adde
474 2047 641 2100 vagos
676 2030 866 2085 imbris
903 2033 1375 2100 tempestatesque
1410 2029 1672 2098 volantes,

292 2109 473 2163 omnia
506 2124 646 2177 quae
677 2108 849 2161 maria
882 2124 946 2161 ac
979 2111 1162 2168 terras
1199 2110 1576 2175 sparguntque
1610 2107 1938 2176 rigantque3

189 2205 196 2212 ·
292 2186 436 2240 adde
471 2202 597 2239 suos
632 2185 829 2251 fontis3
863 2187 1049 2238 tamen
1082 2182 1157 2237 ad
1191 2184 1357 2240 maris
1393 2184 1574 2238 omnia
1610 2201 1876 2238 summam

292 2262 471 2329 guttai
508 2261 598 2314 vix
634 2261 808 2315 instar
843 2262 1006 2315 erunt
1039 2259 1200 2314 unius
1235 2259 1572 2328 adaugmen3

296 2355 404 2406 quo
429 2339 606 2393 minus
632 2341 719 2393 est
745 2338 946 2391 mirum
969 2353 1122 2394 mare
1147 2353 1255 2390 non
1280 2352 1571 2404 augescere
1593 2353 1866 2405 magnum.
1938 2353 2013 2393 ωε

292 2418 579 2482 praeterea
614 2431 866 2482 magnam
903 2412 983 2467 sol
1017 2416 1234 2481 partem
1273 2412 1519 2467 detrahit
1557 2418 1731 2469 aestu.

294 2490 497 2559 quippe
534 2490 782 2545 videmus
818 2489 962 2543 enim
997 2490 1166 2543 vestis
1201 2506 1393 2543 umore
1427 2490 1702 2544 madentis

294 2567 565 2620 exsiccare
603 2568 714 2620 suis
749 2565 920 2619 radiis
954 2565 1264 2620 ardentibu'
1300 2567 1499 2621 solem:

291 2647 349 2698 at
384 2643 578 2712 pelage
614 2641 787 2695 multa
822 2646 881 2696 et
916 2642 1027 2696 late
1062 2641 1344 2696 substrata
1377 2643 1639 2697 videmus.

289 2718 519 2788 proinde
555 2718 687 2772 licet
721 2719 972 2788 quamvis
1009 2735 1075 2772 ex
1112 2736 1222 2772 uno
1259 2735 1476 2788 quoque
1512 2718 1632 2774 loco
1668 2719 1749 2774 sol
1931 2735 2005 2775 620

291 2794 497 2849 umoris
533 2811 755 2864 parvam
794 2794 1001 2850 delibet
1035 2794 1105 2849 ab
1141 2811 1377 2864 aequore
1412 2799 1661 2864 partem3

291 2870 521 2940 largiter
554 2871 612 2924 in
648 2874 805 2926 tanto
847 2871 1024 2941 spatio
1060 2875 1246 2925 tamen
1285 2872 1505 2927 auferet
1537 2873 1719 2928 undis.

293 2950 413 3001 tum
449 2964 613 3017 porro
647 2948 799 3003 venti
834 2965 1053 3018 quoque
1089 2966 1344 3018 magnam
1378 2948 1575 3004 tollere
1608 2954 1826 3019 partem

296 3024 499 3078 umoris
533 3028 764 3094 possunt
798 3029 1082 3080 verrentes
1116 3043 1369 3096 aequora,
1396 3027 1584 3080 .ventis

297 3116 407 3158 uua
442 3105 605 3156 nocte
639 3102 752 3158 vias
786 3102 1040 3171 quoniam
1076 3118 1344 3172 persaepe
1378 3103 1628 3156 videmus
1938 3117 2011 3156 025

299 3176 489 3231 siccari
525 3178 808 3249 mollisque
846 3179 946 3232 luti
984 3196 1336 3233 concrescere
1371 3182 1596 3234 crustas,
