<?xml version="1.0" encoding="UTF-8"?>
<!DOCTYPE html PUBLIC "-//W3C//DTD XHTML 1.0 Transitional//EN"
    "http://www.w3.org/TR/xhtml1/DTD/xhtml1-transitional.dtd">
<html xmlns="http://www.w3.org/1999/xhtml" xml:lang="en" lang="en">
 <head>
  <title>
</title>
<meta http-equiv="Content-Type" content="text/html;charset=utf-8" />
  <meta name='ocr-system' content='tesseract 3.04.00' />
  <meta name='ocr-capabilities' content='ocr_page ocr_carea ocr_par ocr_line ocrx_word'/>
</head>
<body>
  <div class='ocr_page' id='page_1' title='image "./tlucreticarider03unkngoog_0226.png"; bbox 0 0 2259 3442; ppageno 0'>
   <div class='ocr_carea' id='block_1_1' title="bbox 249 180 1981 3084">
    <p class='ocr_par' dir='ltr' id='par_1_1' title="bbox 253 180 1780 247">
     <span class='ocr_line' id='line_1_1' title="bbox 253 180 1780 247; baseline -0.001 -10"><span class='ocrx_word' id='word_1_1' title='bbox 253 183 460 237; x_wconf 83' lang='lat' dir='ltr'><strong>vertice</strong></span> <span class='ocrx_word' id='word_1_2' title='bbox 494 181 566 236; x_wconf 89' lang='lat' dir='ltr'><strong>de</strong></span> <span class='ocrx_word' id='word_1_3' title='bbox 602 181 805 235; x_wconf 87' lang='lat' dir='ltr'><strong>montis</strong></span> <span class='ocrx_word' id='word_1_4' title='bbox 838 180 1130 234; x_wconf 77' lang='lat' dir='ltr'><strong>videantur</strong></span> <span class='ocrx_word' id='word_1_5' title='bbox 1165 195 1390 247; x_wconf 80' lang='lat' dir='ltr'><strong>surgere</strong></span> <span class='ocrx_word' id='word_1_6' title='bbox 1425 181 1482 235; x_wconf 89' lang='lat' dir='ltr'><strong>in</strong></span> <span class='ocrx_word' id='word_1_7' title='bbox 1516 180 1780 235; x_wconf 75' lang='lat' dir='ltr'><strong>aethram.</strong></span> 
     </span>
    </p>

    <p class='ocr_par' dir='ltr' id='par_1_2' title="bbox 252 257 1551 327">
     <span class='ocr_line' id='line_1_2' title="bbox 252 257 1551 327; baseline -0.002 -14"><span class='ocrx_word' id='word_1_8' title='bbox 252 276 379 313; x_wconf 89' lang='lat' dir='ltr'><strong>nam</strong></span> <span class='ocrx_word' id='word_1_9' title='bbox 413 258 533 313; x_wconf 90' lang='lat' dir='ltr'><strong>loca</strong></span> <span class='ocrx_word' id='word_1_10' title='bbox 567 257 814 312; x_wconf 75' lang='lat' dir='ltr'><strong>declarat</strong></span> <span class='ocrx_word' id='word_1_11' title='bbox 848 273 1062 327; x_wconf 79' lang='lat' dir='ltr'><strong>sursum</strong></span> <span class='ocrx_word' id='word_1_12' title='bbox 1098 258 1326 309; x_wconf 85' lang='lat' dir='ltr'><strong>ventosa.</strong></span> <span class='ocrx_word' id='word_1_13' title='bbox 1359 260 1551 326; x_wconf 86' lang='lat' dir='ltr'><strong>patere</strong></span> 
     </span>
    </p>

    <p class='ocr_par' dir='ltr' id='par_1_3' title="bbox 249 332 1981 559">
     <span class='ocr_line' id='line_1_3' title="bbox 250 332 1800 405; baseline -0.001 -14"><span class='ocrx_word' id='word_1_14' title='bbox 250 352 341 391; x_wconf 88' lang='lat' dir='ltr'><strong>res</strong></span> <span class='ocrx_word' id='word_1_15' title='bbox 375 335 497 405; x_wconf 89' lang='lat' dir='ltr'><strong>ipsa</strong></span> <span class='ocrx_word' id='word_1_16' title='bbox 533 338 592 390; x_wconf 89' lang='lat' dir='ltr'><strong>et</strong></span> <span class='ocrx_word' id='word_1_17' title='bbox 627 351 834 401; x_wconf 87' lang='lat' dir='ltr'><strong>sensus,</strong></span> <span class='ocrx_word' id='word_1_18' title='bbox 870 332 1072 386; x_wconf 83' lang='lat' dir='ltr'><strong>montis</strong></span> <span class='ocrx_word' id='word_1_19' title='bbox 1105 348 1231 386; x_wconf 88' lang='lat' dir='ltr'><strong>cum</strong></span> <span class='ocrx_word' id='word_1_20' title='bbox 1266 333 1608 388; x_wconf 71' lang='lat' dir='ltr'><strong>ascendimus</strong></span> <span class='ocrx_word' id='word_1_21' title='bbox 1642 334 1800 389; x_wconf 88' lang='lat' dir='ltr'><strong>altos.</strong></span> 
     </span>
     <span class='ocr_line' id='line_1_4' title="bbox 249 409 1981 483; baseline 0.001 -16"><span class='ocrx_word' id='word_1_22' title='bbox 249 416 539 483; x_wconf 85' lang='lat' dir='ltr'><strong>praeterea</strong></span> <span class='ocrx_word' id='word_1_23' title='bbox 574 410 849 481; x_wconf 87' lang='lat' dir='ltr'><strong>permulta</strong></span> <span class='ocrx_word' id='word_1_24' title='bbox 884 410 1021 463; x_wconf 88' lang='lat' dir='ltr'><strong>mari</strong></span> <span class='ocrx_word' id='word_1_25' title='bbox 1056 425 1277 478; x_wconf 90' lang='lat' dir='ltr'><strong>quoque</strong></span> <span class='ocrx_word' id='word_1_26' title='bbox 1312 409 1505 465; x_wconf 87' lang='lat' dir='ltr'><strong>tollere</strong></span> <span class='ocrx_word' id='word_1_27' title='bbox 1538 414 1659 466; x_wconf 89' lang='lat' dir='ltr'><strong>toto</strong></span> <span class='ocrx_word' id='word_1_28' title='bbox 1895 425 1981 468; x_wconf 77' lang='lat'><strong>47⁰</strong></span> 
     </span>
     <span class='ocr_line' id='line_1_5' title="bbox 249 484 1509 559; baseline -0.002 -15"><span class='ocrx_word' id='word_1_29' title='bbox 249 504 482 559; x_wconf 89' lang='lat' dir='ltr'><strong>corpora</strong></span> <span class='ocrx_word' id='word_1_30' title='bbox 514 492 771 542; x_wconf 87' lang='lat' dir='ltr'><strong>naturam</strong></span> <span class='ocrx_word' id='word_1_31' title='bbox 807 484 1091 540; x_wconf 81' lang='lat' dir='ltr'><strong>declarant</strong></span> <span class='ocrx_word' id='word_1_32' title='bbox 1127 485 1289 540; x_wconf 92' lang='lat' dir='ltr'><strong>litore</strong></span> <span class='ocrx_word' id='word_1_33' title='bbox 1323 490 1509 542; x_wconf 87' lang='lat' dir='ltr'><strong>vestes</strong></span> 
     </span>
    </p>

    <p class='ocr_par' dir='ltr' id='par_1_4' title="bbox 250 562 1662 635">
     <span class='ocr_line' id='line_1_6' title="bbox 250 562 1662 635; baseline -0.001 -16"><span class='ocrx_word' id='word_1_34' title='bbox 250 582 562 635; x_wconf 78' lang='lat' dir='ltr'><strong>suspensae,</strong></span> <span class='ocrx_word' id='word_1_35' title='bbox 599 581 723 618; x_wconf 88' lang='lat' dir='ltr'><strong>cum</strong></span> <span class='ocrx_word' id='word_1_36' title='bbox 758 562 1072 632; x_wconf 91' lang='lat' dir='ltr'><strong>concipiunt</strong></span> <span class='ocrx_word' id='word_1_37' title='bbox 1105 563 1314 617; x_wconf 91' lang='lat' dir='ltr'><strong>umoris</strong></span> <span class='ocrx_word' id='word_1_38' title='bbox 1348 563 1662 618; x_wconf 79' lang='lat' dir='ltr'><strong>adhaesum.</strong></span> 
     </span>
    </p>

    <p class='ocr_par' dir='ltr' id='par_1_5' title="bbox 251 638 1698 711">
     <span class='ocr_line' id='line_1_7' title="bbox 251 638 1698 711; baseline -0.001 -15"><span class='ocrx_word' id='word_1_39' title='bbox 251 659 361 711; x_wconf 93' lang='lat' dir='ltr'><strong>quo</strong></span> <span class='ocrx_word' id='word_1_40' title='bbox 397 642 570 710; x_wconf 86' lang='lat' dir='ltr'><strong>magis</strong></span> <span class='ocrx_word' id='word_1_41' title='bbox 605 640 680 693; x_wconf 91' lang='lat' dir='ltr'><strong>ad</strong></span> <span class='ocrx_word' id='word_1_42' title='bbox 715 638 874 692; x_wconf 89' lang='lat' dir='ltr'><strong>nubis</strong></span> <span class='ocrx_word' id='word_1_43' title='bbox 913 639 1195 707; x_wconf 88' lang='lat' dir='ltr'><strong>augendas</strong></span> <span class='ocrx_word' id='word_1_44' title='bbox 1232 639 1407 693; x_wconf 90' lang='lat' dir='ltr'><strong>multa</strong></span> <span class='ocrx_word' id='word_1_45' title='bbox 1439 640 1698 694; x_wconf 85' lang='lat' dir='ltr'><strong>videntur</strong></span> 
     </span>
    </p>

    <p class='ocr_par' dir='ltr' id='par_1_6' title="bbox 250 715 1784 787">
     <span class='ocr_line' id='line_1_8' title="bbox 250 715 1784 787; baseline -0.002 -14"><span class='ocrx_word' id='word_1_46' title='bbox 250 735 411 787; x_wconf 86' lang='lat' dir='ltr'><strong>posse</strong></span> <span class='ocrx_word' id='word_1_47' title='bbox 448 733 667 787; x_wconf 89' lang='lat' dir='ltr'><strong>quoque</strong></span> <span class='ocrx_word' id='word_1_48' title='bbox 704 732 736 770; x_wconf 93' lang='lat' dir='ltr'><strong>e</strong></span> <span class='ocrx_word' id='word_1_49' title='bbox 771 715 913 770; x_wconf 88' lang='lat' dir='ltr'><strong>salso</strong></span> <span class='ocrx_word' id='word_1_50' title='bbox 953 732 1289 785; x_wconf 86' lang='lat' dir='ltr'><strong>consurgere</strong></span> <span class='ocrx_word' id='word_1_51' title='bbox 1325 718 1564 771; x_wconf 89' lang='lat' dir='ltr'><strong>momine</strong></span> <span class='ocrx_word' id='word_1_52' title='bbox 1597 718 1784 786; x_wconf 87' lang='lat' dir='ltr'><strong>ponti;</strong></span> 
     </span>
    </p>

    <p class='ocr_par' dir='ltr' id='par_1_7' title="bbox 250 792 1973 1017">
     <span class='ocr_line' id='line_1_9' title="bbox 250 792 1973 860; baseline -0.001 -11"><span class='ocrx_word' id='word_1_53' title='bbox 250 811 378 848; x_wconf 88' lang='lat' dir='ltr'><strong>nam</strong></span> <span class='ocrx_word' id='word_1_54' title='bbox 414 793 556 849; x_wconf 89' lang='lat' dir='ltr'><strong>ratio</strong></span> <span class='ocrx_word' id='word_1_55' title='bbox 592 792 1045 860; x_wconf 76' lang='lat' dir='ltr'><strong>consanguineast</strong></span> <span class='ocrx_word' id='word_1_56' title='bbox 1078 792 1363 846; x_wconf 85' lang='lat' dir='ltr'><strong>umoribus</strong></span> <span class='ocrx_word' id='word_1_57' title='bbox 1398 793 1531 846; x_wconf 87' lang='lat' dir='ltr'><strong>ollis.</strong></span> <span class='ocrx_word' id='word_1_58' title='bbox 1890 807 1973 848; x_wconf 72' lang='lat'><strong>475</strong></span> 
     </span>
     <span class='ocr_line' id='line_1_10' title="bbox 251 867 1911 941; baseline -0.002 -16"><span class='ocrx_word' id='word_1_59' title='bbox 251 875 539 941; x_wconf 85' lang='lat' dir='ltr'><strong>praeterea</strong></span> <span class='ocrx_word' id='word_1_60' title='bbox 574 868 751 922; x_wconf 86' lang='lat' dir='ltr'><strong>fluviis</strong></span> <span class='ocrx_word' id='word_1_61' title='bbox 786 884 856 922; x_wconf 82' lang='lat' dir='ltr'><strong>ex</strong></span> <span class='ocrx_word' id='word_1_62' title='bbox 891 867 1144 922; x_wconf 89' lang='lat' dir='ltr'><strong>omnibus</strong></span> <span class='ocrx_word' id='word_1_63' title='bbox 1180 873 1240 923; x_wconf 89' lang='lat' dir='ltr'><strong>et</strong></span> <span class='ocrx_word' id='word_1_64' title='bbox 1275 868 1434 922; x_wconf 78' lang='lat' dir='ltr'><strong>simul</strong></span> <span class='ocrx_word' id='word_1_65' title='bbox 1471 870 1591 937; x_wconf 84' lang='lat' dir='ltr'><strong>ipsa</strong></span> <span class='ocrx_word' id='word_1_66' title='bbox 1892 875 1911 883; x_wconf 81' lang='lat'>‘</span> 
     </span>
     <span class='ocr_line' id='line_1_11' title="bbox 252 944 1695 1017; baseline -0.003 -14"><span class='ocrx_word' id='word_1_67' title='bbox 252 964 478 1017; x_wconf 85' lang='lat' dir='ltr'><strong>surgere</strong></span> <span class='ocrx_word' id='word_1_68' title='bbox 515 946 587 1001; x_wconf 92' lang='lat' dir='ltr'><strong>de</strong></span> <span class='ocrx_word' id='word_1_69' title='bbox 621 949 774 1000; x_wconf 88' lang='lat' dir='ltr'><strong>terra</strong></span> <span class='ocrx_word' id='word_1_70' title='bbox 808 944 1035 999; x_wconf 87' lang='lat' dir='ltr'><strong>nebulas</strong></span> <span class='ocrx_word' id='word_1_71' title='bbox 1071 948 1397 1013; x_wconf 78' lang='lat' dir='ltr'><strong>aestumque</strong></span> <span class='ocrx_word' id='word_1_72' title='bbox 1432 946 1695 1014; x_wconf 86' lang='lat' dir='ltr'><strong>videmus,</strong></span> 
     </span>
    </p>

    <p class='ocr_par' dir='ltr' id='par_1_8' title="bbox 252 1021 1935 1168">
     <span class='ocr_line' id='line_1_12' title="bbox 252 1021 1935 1094; baseline -0.002 -15"><span class='ocrx_word' id='word_1_73' title='bbox 252 1028 394 1094; x_wconf 89' lang='lat' dir='ltr'><strong>qua&#39;e</strong></span> <span class='ocrx_word' id='word_1_74' title='bbox 429 1023 581 1078; x_wconf 83' lang='lat' dir='ltr'><strong>velut</strong></span> <span class='ocrx_word' id='word_1_75' title='bbox 614 1022 817 1077; x_wconf 86' lang='lat' dir='ltr'><strong>halitus</strong></span> <span class='ocrx_word' id='word_1_76' title='bbox 851 1021 978 1075; x_wconf 88' lang='lat' dir='ltr'><strong>hinc</strong></span> <span class='ocrx_word' id='word_1_77' title='bbox 1012 1021 1094 1076; x_wconf 86' lang='lat' dir='ltr'><strong>ita.</strong></span> <span class='ocrx_word' id='word_1_78' title='bbox 1128 1037 1346 1075; x_wconf 88' lang='lat' dir='ltr'><strong>sursum</strong></span> <span class='ocrx_word' id='word_1_79' title='bbox 1379 1038 1644 1092; x_wconf 86' lang='lat' dir='ltr'><strong>expressa</strong></span> <span class='ocrx_word' id='word_1_80' title='bbox 1675 1022 1935 1076; x_wconf 88' lang='lat' dir='ltr'><strong>feruntur</strong></span> 
     </span>
     <span class='ocr_line' id='line_1_13' title="bbox 253 1097 1600 1168; baseline -0.001 -14"><span class='ocrx_word' id='word_1_81' title='bbox 253 1100 684 1168; x_wconf 85' lang='lat' dir='ltr'><strong>suffunduntque</strong></span> <span class='ocrx_word' id='word_1_82' title='bbox 719 1115 818 1152; x_wconf 88' lang='lat' dir='ltr'><strong>sua</strong></span> <span class='ocrx_word' id='word_1_83' title='bbox 851 1097 1063 1153; x_wconf 87' lang='lat' dir='ltr'><strong>caelum</strong></span> <span class='ocrx_word' id='word_1_84' title='bbox 1098 1098 1330 1166; x_wconf 89' lang='lat' dir='ltr'><strong>caligine</strong></span> <span class='ocrx_word' id='word_1_85' title='bbox 1364 1101 1426 1152; x_wconf 89' lang='lat' dir='ltr'><strong>et</strong></span> <span class='ocrx_word' id='word_1_86' title='bbox 1458 1098 1600 1152; x_wconf 87' lang='lat' dir='ltr'><strong>altas</strong></span> 
     </span>
    </p>

    <p class='ocr_par' dir='ltr' id='par_1_9' title="bbox 250 1173 1972 1322">
     <span class='ocr_line' id='line_1_14' title="bbox 251 1173 1972 1243; baseline 0 -13"><span class='ocrx_word' id='word_1_87' title='bbox 251 1177 525 1231; x_wconf 82' lang='lat' dir='ltr'><strong>sufficiunt</strong></span> <span class='ocrx_word' id='word_1_88' title='bbox 560 1175 719 1229; x_wconf 91' lang='lat' dir='ltr'><strong>nubis</strong></span> <span class='ocrx_word' id='word_1_89' title='bbox 753 1173 1019 1243; x_wconf 89' lang='lat' dir='ltr'><strong>paulatim</strong></span> <span class='ocrx_word' id='word_1_90' title='bbox 1054 1173 1445 1229; x_wconf 79' lang='lat' dir='ltr'><strong>conveniundO.</strong></span> <span class='ocrx_word' id='word_1_91' title='bbox 1888 1190 1972 1230; x_wconf 80' lang='lat'><strong>480</strong></span> 
     </span>
     <span class='ocr_line' id='line_1_15' title="bbox 250 1250 1837 1322; baseline -0.001 -15"><span class='ocrx_word' id='word_1_92' title='bbox 250 1256 417 1322; x_wconf 84' lang='lat' dir='ltr'><strong>urget</strong></span> <span class='ocrx_word' id='word_1_93' title='bbox 453 1253 598 1307; x_wconf 87' lang='lat' dir='ltr'><strong>enim</strong></span> <span class='ocrx_word' id='word_1_94' title='bbox 636 1267 856 1321; x_wconf 91' lang='lat' dir='ltr'><strong>quoque</strong></span> <span class='ocrx_word' id='word_1_95' title='bbox 893 1250 1139 1319; x_wconf 83' lang='lat' dir='ltr'><strong>signiferi</strong></span> <span class='ocrx_word' id='word_1_96' title='bbox 1175 1267 1341 1321; x_wconf 90' lang='lat' dir='ltr'><strong>super</strong></span> <span class='ocrx_word' id='word_1_97' title='bbox 1375 1250 1617 1305; x_wconf 82' lang='lat' dir='ltr'><strong>aetheris</strong></span> <span class='ocrx_word' id='word_1_98' title='bbox 1648 1254 1837 1305; x_wconf 87' lang='lat' dir='ltr'><strong>aestus</strong></span> 
     </span>
    </p>

    <p class='ocr_par' dir='ltr' id='par_1_10' title="bbox 252 1327 1602 1399">
     <span class='ocr_line' id='line_1_16' title="bbox 252 1327 1602 1399; baseline -0.001 -15"><span class='ocrx_word' id='word_1_99' title='bbox 252 1332 312 1384; x_wconf 87' lang='lat' dir='ltr'><strong>ct</strong></span> <span class='ocrx_word' id='word_1_100' title='bbox 347 1331 502 1399; x_wconf 87' lang='lat' dir='ltr'><strong>quasi</strong></span> <span class='ocrx_word' id='word_1_101' title='bbox 539 1329 818 1383; x_wconf 89' lang='lat' dir='ltr'><strong>densendo</strong></span> <span class='ocrx_word' id='word_1_102' title='bbox 855 1327 1103 1382; x_wconf 86' lang='lat' dir='ltr'><strong>subtexit</strong></span> <span class='ocrx_word' id='word_1_103' title='bbox 1136 1328 1355 1382; x_wconf 81' lang='lat' dir='ltr'><strong>caerula</strong></span> <span class='ocrx_word' id='word_1_104' title='bbox 1387 1327 1602 1382; x_wconf 88' lang='lat' dir='ltr'><strong>nimbis.</strong></span> 
     </span>
    </p>

    <p class='ocr_par' dir='ltr' id='par_1_11' title="bbox 251 1404 1970 1701">
     <span class='ocr_line' id='line_1_17' title="bbox 252 1404 1909 1476; baseline -0.001 -16"><span class='ocrx_word' id='word_1_105' title='bbox 252 1407 319 1460; x_wconf 88' lang='lat' dir='ltr'><strong>fit</strong></span> <span class='ocrx_word' id='word_1_106' title='bbox 354 1423 571 1476; x_wconf 89' lang='lat' dir='ltr'><strong>quoque</strong></span> <span class='ocrx_word' id='word_1_107' title='bbox 607 1409 672 1459; x_wconf 89' lang='lat' dir='ltr'><strong>ut</strong></span> <span class='ocrx_word' id='word_1_108' title='bbox 706 1405 814 1459; x_wconf 90' lang='lat' dir='ltr'><strong>huc</strong></span> <span class='ocrx_word' id='word_1_109' title='bbox 849 1405 1072 1459; x_wconf 86' lang='lat' dir='ltr'><strong>veniant</strong></span> <span class='ocrx_word' id='word_1_110' title='bbox 1106 1404 1165 1457; x_wconf 91' lang='lat' dir='ltr'><strong>in</strong></span> <span class='ocrx_word' id='word_1_111' title='bbox 1201 1404 1409 1458; x_wconf 86' lang='lat' dir='ltr'><strong>caelum</strong></span> <span class='ocrx_word' id='word_1_112' title='bbox 1445 1405 1782 1461; x_wconf 85' lang='lat' dir='ltr'><strong>extrinsecus</strong></span> <span class='ocrx_word' id='word_1_113' title='bbox 1813 1406 1909 1460; x_wconf 84' lang='lat' dir='ltr'><strong>illa</strong></span> 
     </span>
     <span class='ocr_line' id='line_1_18' title="bbox 251 1480 1739 1552; baseline 0.001 -16"><span class='ocrx_word' id='word_1_114' title='bbox 251 1499 481 1552; x_wconf 88' lang='lat' dir='ltr'><strong>corpora</strong></span> <span class='ocrx_word' id='word_1_115' title='bbox 516 1498 658 1550; x_wconf 88' lang='lat' dir='ltr'><strong>quae</strong></span> <span class='ocrx_word' id='word_1_116' title='bbox 694 1482 903 1535; x_wconf 86' lang='lat' dir='ltr'><strong>faciunt</strong></span> <span class='ocrx_word' id='word_1_117' title='bbox 936 1480 1099 1535; x_wconf 90' lang='lat' dir='ltr'><strong>nubis</strong></span> <span class='ocrx_word' id='word_1_118' title='bbox 1136 1481 1457 1550; x_wconf 89' lang='lat' dir='ltr'><strong>nimbosque</strong></span> <span class='ocrx_word' id='word_1_119' title='bbox 1491 1482 1739 1537; x_wconf 85' lang='lat' dir='ltr'><strong>volantis.</strong></span> 
     </span>
     <span class='ocr_line' id='line_1_19' title="bbox 251 1556 1970 1627; baseline 0.002 -16"><span class='ocrx_word' id='word_1_120' title='bbox 251 1556 701 1612; x_wconf 87' lang='lat' dir='ltr'><strong>innumerabilem</strong></span> <span class='ocrx_word' id='word_1_121' title='bbox 720 1557 865 1610; x_wconf 88' lang='lat' dir='ltr'><strong>enim</strong></span> <span class='ocrx_word' id='word_1_122' title='bbox 885 1574 1170 1610; x_wconf 89' lang='lat' dir='ltr'><strong>numerum</strong></span> <span class='ocrx_word' id='word_1_123' title='bbox 1192 1574 1569 1627; x_wconf 81' lang='lat' dir='ltr'><strong>summamque</strong></span> <span class='ocrx_word' id='word_1_124' title='bbox 1586 1558 1844 1627; x_wconf 82' lang='lat' dir='ltr'><strong>profundi</strong></span> <span class='ocrx_word' id='word_1_125' title='bbox 1886 1575 1970 1614; x_wconf 78' lang='lat'><strong>485</strong></span> 
     </span>
     <span class='ocr_line' id='line_1_20' title="bbox 252 1631 1525 1702; baseline -0.001 -13"><span class='ocrx_word' id='word_1_126' title='bbox 252 1650 373 1689; x_wconf 86' lang='lat' dir='ltr'><strong>esse</strong></span> <span class='ocrx_word' id='word_1_127' title='bbox 405 1633 672 1687; x_wconf 86' lang='lat' dir='ltr'><strong>infinitam</strong></span> <span class='ocrx_word' id='word_1_128' title='bbox 710 1631 887 1702; x_wconf 89' lang='lat' dir='ltr'><strong>docui,</strong></span> <span class='ocrx_word' id='word_1_129' title='bbox 925 1636 1241 1701; x_wconf 84' lang='lat' dir='ltr'><strong>quantaque</strong></span> <span class='ocrx_word' id='word_1_130' title='bbox 1277 1634 1525 1688; x_wconf 77' lang='lat' dir='ltr'><strong>v·olaient</strong></span> 
     </span>
    </p>

    <p class='ocr_par' dir='ltr' id='par_1_12' title="bbox 250 1695 1656 1855">
     <span class='ocr_line' id='line_1_21' title="bbox 250 1695 1656 1779; baseline 0.001 -15"><span class='ocrx_word' id='word_1_131' title='bbox 250 1726 481 1777; x_wconf 85' lang='lat' dir='ltr'><strong>corpora</strong></span> <span class='ocrx_word' id='word_1_132' title='bbox 514 1695 821 1763; x_wconf 79' lang='lat' dir='ltr'><strong>mobilitate</strong></span> <span class='ocrx_word' id='word_1_133' title='bbox 858 1708 1077 1763; x_wconf 89' lang='lat' dir='ltr'><strong>ostendi</strong></span> <span class='ocrx_word' id='word_1_134' title='bbox 1113 1726 1392 1779; x_wconf 91' lang='lat' dir='ltr'><strong>quamque</strong></span> <span class='ocrx_word' id='word_1_135' title='bbox 1426 1715 1656 1778; x_wconf 85' lang='lat' dir='ltr'><strong>repente</strong></span> 
     </span>
     <span class='ocr_line' id='line_1_22' title="bbox 251 1783 1645 1855; baseline 0.001 -15"><span class='ocrx_word' id='word_1_136' title='bbox 251 1783 665 1840; x_wconf 63' lang='lat' dir='ltr'><strong>inmemorabile</strong></span> <span class='ocrx_word' id='word_1_137' title='bbox 692 1801 806 1854; x_wconf 81' lang='lat' dir='ltr'><strong>per</strong></span> <span class='ocrx_word' id='word_1_138' title='bbox 843 1785 1082 1855; x_wconf 87' lang='lat' dir='ltr'><strong>spatium</strong></span> <span class='ocrx_word' id='word_1_139' title='bbox 1118 1787 1357 1841; x_wconf 90' lang='lat' dir='ltr'><strong>transire</strong></span> <span class='ocrx_word' id='word_1_140' title='bbox 1392 1786 1645 1843; x_wconf 87' lang='lat' dir='ltr'><strong>solerent.</strong></span> 
     </span>
    </p>

    <p class='ocr_par' dir='ltr' id='par_1_13' title="bbox 251 1862 1663 1935">
     <span class='ocr_line' id='line_1_23' title="bbox 251 1862 1663 1935; baseline 0.001 -18"><span class='ocrx_word' id='word_1_141' title='bbox 251 1862 389 1917; x_wconf 88' lang='lat' dir='ltr'><strong>haut</strong></span> <span class='ocrx_word' id='word_1_142' title='bbox 423 1863 594 1932; x_wconf 88' lang='lat' dir='ltr'><strong>igitur</strong></span> <span class='ocrx_word' id='word_1_143' title='bbox 631 1863 889 1917; x_wconf 88' lang='lat' dir='ltr'><strong>mirumst</strong></span> <span class='ocrx_word' id='word_1_144' title='bbox 924 1862 972 1916; x_wconf 91' lang='lat' dir='ltr'><strong>si</strong></span> <span class='ocrx_word' id='word_1_145' title='bbox 1006 1879 1177 1932; x_wconf 86' lang='lat' dir='ltr'><strong>parvo</strong></span> <span class='ocrx_word' id='word_1_146' title='bbox 1215 1865 1466 1932; x_wconf 89' lang='lat' dir='ltr'><strong>tempore</strong></span> <span class='ocrx_word' id='word_1_147' title='bbox 1499 1881 1663 1935; x_wconf 87' lang='lat' dir='ltr'><strong>saepe</strong></span> 
     </span>
    </p>

    <p class='ocr_par' dir='ltr' id='par_1_14' title="bbox 252 1939 1970 2086">
     <span class='ocr_line' id='line_1_24' title="bbox 252 1939 1970 2009; baseline 0.002 -15"><span class='ocrx_word' id='word_1_148' title='bbox 252 1943 366 1994; x_wconf 90' lang='lat' dir='ltr'><strong>tam</strong></span> <span class='ocrx_word' id='word_1_149' title='bbox 402 1940 612 2008; x_wconf 86' lang='lat' dir='ltr'><strong>magnis</strong></span> <span class='ocrx_word' id='word_1_150' title='bbox 648 1939 846 1993; x_wconf 87' lang='lat' dir='ltr'><strong>nimbis</strong></span> <span class='ocrx_word' id='word_1_151' title='bbox 881 1942 1185 2008; x_wconf 86' lang='lat' dir='ltr'><strong>tempestas</strong></span> <span class='ocrx_word' id='word_1_152' title='bbox 1220 1942 1390 2009; x_wconf 86' lang='lat' dir='ltr'><strong>atque</strong></span> <span class='ocrx_word' id='word_1_153' title='bbox 1424 1941 1686 1996; x_wconf 80' lang='lat' dir='ltr'><strong>tenebrae</strong></span> <span class='ocrx_word' id='word_1_154' title='bbox 1889 1956 1970 1998; x_wconf 78' lang='lat'><strong>490</strong></span> 
     </span>
     <span class='ocr_line' id='line_1_25' title="bbox 253 2015 1609 2086; baseline 0.002 -16"><span class='ocrx_word' id='word_1_155' title='bbox 253 2017 536 2085; x_wconf 89' lang='lat' dir='ltr'><strong>coperiuut</strong></span> <span class='ocrx_word' id='word_1_156' title='bbox 568 2016 743 2069; x_wconf 89' lang='lat' dir='ltr'><strong>maria</strong></span> <span class='ocrx_word' id='word_1_157' title='bbox 779 2033 842 2070; x_wconf 90' lang='lat' dir='ltr'><strong>ac</strong></span> <span class='ocrx_word' id='word_1_158' title='bbox 879 2018 1059 2069; x_wconf 88' lang='lat' dir='ltr'><strong>terras</strong></span> <span class='ocrx_word' id='word_1_159' title='bbox 1094 2015 1324 2084; x_wconf 90' lang='lat' dir='ltr'><strong>inpensa</strong></span> <span class='ocrx_word' id='word_1_160' title='bbox 1360 2034 1609 2086; x_wconf 88' lang='lat' dir='ltr'><strong>superne,</strong></span> 
     </span>
    </p>

    <p class='ocr_par' dir='ltr' id='par_1_15' title="bbox 253 2091 1825 2161">
     <span class='ocr_line' id='line_1_26' title="bbox 253 2091 1825 2161; baseline 0.003 -15"><span class='ocrx_word' id='word_1_161' title='bbox 253 2093 497 2161; x_wconf 90' lang='lat' dir='ltr'><strong>undique</strong></span> <span class='ocrx_word' id='word_1_162' title='bbox 535 2091 977 2160; x_wconf 85' lang='lat' dir='ltr'><strong>quandoquidem</strong></span> <span class='ocrx_word' id='word_1_163' title='bbox 1013 2107 1114 2161; x_wconf 83' lang='lat' dir='ltr'><strong>per</strong></span> <span class='ocrx_word' id='word_1_164' title='bbox 1151 2091 1336 2146; x_wconf 89' lang='lat' dir='ltr'><strong>caulas</strong></span> <span class='ocrx_word' id='word_1_165' title='bbox 1373 2094 1615 2149; x_wconf 85' lang='lat' dir='ltr'><strong>aetheris</strong></span> <span class='ocrx_word' id='word_1_166' title='bbox 1649 2095 1825 2150; x_wconf 87' lang='lat' dir='ltr'><strong>omnis</strong></span> 
     </span>
    </p>

    <p class='ocr_par' dir='ltr' id='par_1_16' title="bbox 254 2168 1635 2238">
     <span class='ocr_line' id='line_1_27' title="bbox 254 2168 1635 2238; baseline 0.001 -15"><span class='ocrx_word' id='word_1_167' title='bbox 254 2173 313 2223; x_wconf 93' lang='lat' dir='ltr'><strong>et</strong></span> <span class='ocrx_word' id='word_1_168' title='bbox 348 2169 505 2238; x_wconf 86' lang='lat' dir='ltr'><strong>quasi</strong></span> <span class='ocrx_word' id='word_1_169' title='bbox 539 2185 641 2238; x_wconf 90' lang='lat' dir='ltr'><strong>per</strong></span> <span class='ocrx_word' id='word_1_170' title='bbox 676 2168 861 2236; x_wconf 87' lang='lat' dir='ltr'><strong>magni</strong></span> <span class='ocrx_word' id='word_1_171' title='bbox 896 2168 1102 2222; x_wconf 88' lang='lat' dir='ltr'><strong>circum</strong></span> <span class='ocrx_word' id='word_1_172' title='bbox 1141 2168 1410 2237; x_wconf 89' lang='lat' dir='ltr'><strong>spiracula</strong></span> <span class='ocrx_word' id='word_1_173' title='bbox 1443 2171 1635 2224; x_wconf 89' lang='lat' dir='ltr'><strong>mundi</strong></span> 
     </span>
    </p>

    <p class='ocr_par' dir='ltr' id='par_1_17' title="bbox 254 2244 1656 2314">
     <span class='ocr_line' id='line_1_28' title="bbox 254 2244 1656 2314; baseline 0.001 -14"><span class='ocrx_word' id='word_1_174' title='bbox 254 2247 434 2300; x_wconf 83' lang='lat' dir='ltr'><strong>exitus</strong></span> <span class='ocrx_word' id='word_1_175' title='bbox 468 2245 837 2314; x_wconf 87' lang='lat' dir='ltr'><strong>introitusque</strong></span> <span class='ocrx_word' id='word_1_176' title='bbox 874 2245 1161 2300; x_wconf 87' lang='lat' dir='ltr'><strong>elementis</strong></span> <span class='ocrx_word' id='word_1_177' title='bbox 1196 2244 1450 2299; x_wconf 87' lang='lat' dir='ltr'><strong>redditus</strong></span> <span class='ocrx_word' id='word_1_178' title='bbox 1485 2250 1656 2301; x_wconf 84' lang='lat' dir='ltr'><strong>extat.</strong></span> 
     </span>
    </p>

    <p class='ocr_par' dir='ltr' id='par_1_18' title="bbox 252 2322 1965 3084">
     <span class='ocr_line' id='line_1_29' title="bbox 324 2322 1965 2389; baseline 0.003 -14"><span class='ocrx_word' id='word_1_179' title='bbox 324 2322 377 2375; x_wconf 91' lang='lat' dir='ltr'>N</span> <span class='ocrx_word' id='word_1_180' title='bbox 380 2338 486 2374; x_wconf 90' lang='lat' dir='ltr'><strong>unc</strong></span> <span class='ocrx_word' id='word_1_181' title='bbox 519 2337 636 2387; x_wconf 84' lang='lat' dir='ltr'><strong>age,</strong></span> <span class='ocrx_word' id='word_1_182' title='bbox 674 2337 781 2389; x_wconf 92' lang='lat' dir='ltr'><strong>quo</strong></span> <span class='ocrx_word' id='word_1_183' title='bbox 816 2324 980 2389; x_wconf 87' lang='lat' dir='ltr'><strong>pacto</strong></span> <span class='ocrx_word' id='word_1_184' title='bbox 1015 2322 1229 2389; x_wconf 84' lang='lat' dir='ltr'><strong>pluvius</strong></span> <span class='ocrx_word' id='word_1_185' title='bbox 1265 2327 1580 2378; x_wconf 87' lang='lat' dir='ltr'><strong>concrescat</strong></span> <span class='ocrx_word' id='word_1_186' title='bbox 1612 2325 1669 2377; x_wconf 90' lang='lat' dir='ltr'><strong>in</strong></span> <span class='ocrx_word' id='word_1_187' title='bbox 1703 2325 1829 2379; x_wconf 86' lang='lat' dir='ltr'><strong>altis</strong></span> <span class='ocrx_word' id='word_1_188' title='bbox 1889 2339 1965 2379; x_wconf 76' lang='lat'><strong>495</strong></span> 
     </span>
     <span class='ocr_line' id='line_1_30' title="bbox 252 2396 1701 2455; baseline 0.002 -3"><span class='ocrx_word' id='word_1_189' title='bbox 252 2397 490 2452; x_wconf 89' lang='lat' dir='ltr'><strong>nubibus</strong></span> <span class='ocrx_word' id='word_1_190' title='bbox 525 2413 684 2450; x_wconf 90' lang='lat' dir='ltr'><strong>umor</strong></span> <span class='ocrx_word' id='word_1_191' title='bbox 718 2399 777 2449; x_wconf 88' lang='lat' dir='ltr'><strong>et</strong></span> <span class='ocrx_word' id='word_1_192' title='bbox 811 2396 868 2449; x_wconf 91' lang='lat' dir='ltr'><strong>in</strong></span> <span class='ocrx_word' id='word_1_193' title='bbox 904 2400 1082 2451; x_wconf 85' lang='lat' dir='ltr'><strong>terras</strong></span> <span class='ocrx_word' id='word_1_194' title='bbox 1118 2398 1390 2453; x_wconf 88' lang='lat' dir='ltr'><strong>demissus</strong></span> <span class='ocrx_word' id='word_1_195' title='bbox 1425 2402 1490 2453; x_wconf 90' lang='lat' dir='ltr'><strong>ut</strong></span> <span class='ocrx_word' id='word_1_196' title='bbox 1522 2400 1701 2455; x_wconf 87' lang='lat' dir='ltr'><strong>imber</strong></span> 
     </span>
     <span class='ocr_line' id='line_1_31' title="bbox 254 2472 1688 2546; baseline 0.002 -18"><span class='ocrx_word' id='word_1_197' title='bbox 254 2474 490 2541; x_wconf 86' lang='lat' dir='ltr'><strong>decidat,</strong></span> <span class='ocrx_word' id='word_1_198' title='bbox 526 2472 831 2541; x_wconf 83' lang='lat' dir='ltr'><strong>expediam.</strong></span> <span class='ocrx_word' id='word_1_199' title='bbox 865 2473 1102 2542; x_wconf 86' lang='lat' dir='ltr'><strong>primum</strong></span> <span class='ocrx_word' id='word_1_200' title='bbox 1139 2475 1250 2540; x_wconf 85' lang='lat' dir='ltr'><strong>iam</strong></span> <span class='ocrx_word' id='word_1_201' title='bbox 1286 2476 1496 2530; x_wconf 90' lang='lat' dir='ltr'><strong>semina</strong></span> <span class='ocrx_word' id='word_1_202' title='bbox 1528 2478 1688 2546; x_wconf 85' lang='lat' dir='ltr'><strong>aquai</strong></span> 
     </span>
     <span class='ocr_line' id='line_1_32' title="bbox 253 2549 1674 2622; baseline 0.001 -17"><span class='ocrx_word' id='word_1_203' title='bbox 253 2551 430 2605; x_wconf 89' lang='lat' dir='ltr'><strong>multa</strong></span> <span class='ocrx_word' id='word_1_204' title='bbox 464 2549 625 2603; x_wconf 88' lang='lat' dir='ltr'><strong>simul</strong></span> <span class='ocrx_word' id='word_1_205' title='bbox 660 2549 870 2605; x_wconf 84' lang='lat' dir='ltr'><strong>vincam</strong></span> <span class='ocrx_word' id='word_1_206' title='bbox 907 2567 1235 2621; x_wconf 86' lang='lat' dir='ltr'><strong>consurgere</strong></span> <span class='ocrx_word' id='word_1_207' title='bbox 1269 2552 1507 2607; x_wconf 90' lang='lat' dir='ltr'><strong>nubibus</strong></span> <span class='ocrx_word' id='word_1_208' title='bbox 1540 2553 1674 2622; x_wconf 90' lang='lat' dir='ltr'><strong>ipsis</strong></span> 
     </span>
     <span class='ocr_line' id='line_1_33' title="bbox 256 2626 1904 2700; baseline 0.003 -19"><span class='ocrx_word' id='word_1_209' title='bbox 256 2629 504 2682; x_wconf 88' lang='lat' dir='ltr'><strong>omnibus</strong></span> <span class='ocrx_word' id='word_1_210' title='bbox 539 2644 610 2682; x_wconf 91' lang='lat' dir='ltr'><strong>ex</strong></span> <span class='ocrx_word' id='word_1_211' title='bbox 644 2626 810 2681; x_wconf 90' lang='lat' dir='ltr'><strong>rebus</strong></span> <span class='ocrx_word' id='word_1_212' title='bbox 845 2628 1164 2698; x_wconf 85' lang='lat' dir='ltr'><strong>pariterque</strong></span> <span class='ocrx_word' id='word_1_213' title='bbox 1199 2629 1279 2684; x_wconf 86' lang='lat' dir='ltr'><strong>ita</strong></span> <span class='ocrx_word' id='word_1_214' title='bbox 1313 2647 1562 2685; x_wconf 88' lang='lat' dir='ltr'><strong>crescere</strong></span> <span class='ocrx_word' id='word_1_215' title='bbox 1594 2634 1904 2700; x_wconf 83' lang='lat' dir='ltr'><strong>utrumque,</strong></span> 
     </span>
     <span class='ocr_line' id='line_1_34' title="bbox 253 2705 1963 2776; baseline 0.002 -17"><span class='ocrx_word' id='word_1_216' title='bbox 253 2709 314 2759; x_wconf 84' lang='lat' dir='ltr'><strong>et</strong></span> <span class='ocrx_word' id='word_1_217' title='bbox 336 2705 498 2759; x_wconf 88' lang='lat' dir='ltr'><strong>nubis</strong></span> <span class='ocrx_word' id='word_1_218' title='bbox 521 2707 580 2759; x_wconf 89' lang='lat' dir='ltr'><strong>et</strong></span> <span class='ocrx_word' id='word_1_219' title='bbox 602 2720 804 2774; x_wconf 89' lang='lat' dir='ltr'><strong>aquam</strong></span> <span class='ocrx_word' id='word_1_220' title='bbox 828 2721 1202 2774; x_wconf 88' lang='lat' dir='ltr'><strong>quaecumque</strong></span> <span class='ocrx_word' id='word_1_221' title='bbox 1225 2706 1281 2759; x_wconf 94' lang='lat' dir='ltr'><strong>in</strong></span> <span class='ocrx_word' id='word_1_222' title='bbox 1305 2706 1542 2761; x_wconf 90' lang='lat' dir='ltr'><strong>nubibus</strong></span> <span class='ocrx_word' id='word_1_223' title='bbox 1566 2711 1738 2776; x_wconf 84' lang='lat' dir='ltr'><strong>extat,</strong></span> <span class='ocrx_word' id='word_1_224' title='bbox 1888 2722 1963 2762; x_wconf 82' lang='lat'><strong>500</strong></span> 
     </span>
     <span class='ocr_line' id='line_1_35' title="bbox 253 2781 1698 2854; baseline 0.002 -18"><span class='ocrx_word' id='word_1_225' title='bbox 253 2785 319 2836; x_wconf 92' lang='lat' dir='ltr'><strong>ut</strong></span> <span class='ocrx_word' id='word_1_226' title='bbox 351 2783 563 2851; x_wconf 87' lang='lat' dir='ltr'><strong>pariter</strong></span> <span class='ocrx_word' id='word_1_227' title='bbox 597 2781 756 2835; x_wconf 88' lang='lat' dir='ltr'><strong>nobis</strong></span> <span class='ocrx_word' id='word_1_228' title='bbox 793 2797 990 2851; x_wconf 88' lang='lat' dir='ltr'><strong>corpus</strong></span> <span class='ocrx_word' id='word_1_229' title='bbox 1028 2798 1154 2835; x_wconf 88' lang='lat' dir='ltr'><strong>cum</strong></span> <span class='ocrx_word' id='word_1_230' title='bbox 1191 2787 1452 2854; x_wconf 85' lang='lat' dir='ltr'><strong>sanguine</strong></span> <span class='ocrx_word' id='word_1_231' title='bbox 1487 2785 1698 2853; x_wconf 88' lang='lat' dir='ltr'><strong>crescit,</strong></span> 
     </span>
     <span class='ocr_line' id='line_1_36' title="bbox 255 2860 1942 2931; baseline 0.001 -18"><span class='ocrx_word' id='word_1_232' title='bbox 255 2860 424 2913; x_wconf 85' lang='lat' dir='ltr'><strong>sudor</strong></span> <span class='ocrx_word' id='word_1_233' title='bbox 442 2860 577 2914; x_wconf 89' lang='lat' dir='ltr'><strong>item</strong></span> <span class='ocrx_word' id='word_1_234' title='bbox 596 2862 765 2928; x_wconf 89' lang='lat' dir='ltr'><strong>atque</strong></span> <span class='ocrx_word' id='word_1_235' title='bbox 784 2875 944 2912; x_wconf 92' lang='lat' dir='ltr'><strong>umor</strong></span> <span class='ocrx_word' id='word_1_236' title='bbox 964 2861 1291 2930; x_wconf 84' lang='lat' dir='ltr'><strong>quicumque</strong></span> <span class='ocrx_word' id='word_1_237' title='bbox 1304 2866 1399 2916; x_wconf 72' lang='lat' dir='ltr'><strong>est</strong></span> <span class='ocrx_word' id='word_1_238' title='bbox 1416 2862 1652 2931; x_wconf 88' lang='lat' dir='ltr'><strong>denique</strong></span> <span class='ocrx_word' id='word_1_239' title='bbox 1668 2860 1942 2916; x_wconf 88' lang='lat' dir='ltr'><strong>membris.</strong></span> 
     </span>
     <span class='ocr_line' id='line_1_37' title="bbox 255 2934 1800 3007; baseline 0.003 -19"><span class='ocrx_word' id='word_1_240' title='bbox 255 2935 565 3002; x_wconf 89' lang='lat' dir='ltr'><strong>concipiunt</strong></span> <span class='ocrx_word' id='word_1_241' title='bbox 600 2935 770 2989; x_wconf 89' lang='lat' dir='ltr'><strong>etiam</strong></span> <span class='ocrx_word' id='word_1_242' title='bbox 805 2934 1041 2990; x_wconf 87' lang='lat' dir='ltr'><strong>multum</strong></span> <span class='ocrx_word' id='word_1_243' title='bbox 1077 2953 1296 3007; x_wconf 91' lang='lat' dir='ltr'><strong>quoque</strong></span> <span class='ocrx_word' id='word_1_244' title='bbox 1332 2955 1496 3007; x_wconf 86' lang='lat' dir='ltr'><strong>saepe</strong></span> <span class='ocrx_word' id='word_1_245' title='bbox 1529 2939 1800 2992; x_wconf 88' lang='lat' dir='ltr'><strong>marinum</strong></span> 
     </span>
     <span class='ocr_line' id='line_1_38' title="bbox 252 3010 1504 3084; baseline 0.008 -24"><span class='ocrx_word' id='word_1_246' title='bbox 252 3025 516 3075; x_wconf 89' lang='lat' dir='ltr'><strong>umorem,</strong></span> <span class='ocrx_word' id='word_1_247' title='bbox 553 3010 724 3064; x_wconf 84' lang='lat' dir='ltr'><strong>veluti</strong></span> <span class='ocrx_word' id='word_1_248' title='bbox 759 3011 1059 3079; x_wconf 90' lang='lat' dir='ltr'><strong>pendentia</strong></span> <span class='ocrx_word' id='word_1_249' title='bbox 1094 3013 1299 3068; x_wconf 85' lang='lat' dir='ltr'><strong>vellera</strong></span> <span class='ocrx_word' id='word_1_250' title='bbox 1333 3015 1504 3084; x_wconf 84' lang='lat' dir='ltr'><strong>lanae,</strong></span> 
     </span>
    </p>
   </div>
   <div class='ocr_carea' id='block_1_2' title="bbox 253 3089 1961 3227">
    <p class='ocr_par' dir='ltr' id='par_1_19' title="bbox 253 3089 1961 3227">
     <span class='ocr_line' id='line_1_39' title="bbox 253 3089 1961 3159; baseline 0.006 -22"><span class='ocrx_word' id='word_1_251' title='bbox 253 3100 379 3137; x_wconf 88' lang='lat' dir='ltr'><strong>cum</strong></span> <span class='ocrx_word' id='word_1_252' title='bbox 415 3100 611 3152; x_wconf 83' lang='lat' dir='ltr'><strong>supera</strong></span> <span class='ocrx_word' id='word_1_253' title='bbox 644 3101 902 3151; x_wconf 89' lang='lat' dir='ltr'><strong>magnum</strong></span> <span class='ocrx_word' id='word_1_254' title='bbox 935 3102 1085 3141; x_wconf 88' lang='lat' dir='ltr'><strong>mare</strong></span> <span class='ocrx_word' id='word_1_255' title='bbox 1122 3090 1273 3142; x_wconf 85' lang='lat' dir='ltr'><strong>venti</strong></span> <span class='ocrx_word' id='word_1_256' title='bbox 1307 3089 1497 3144; x_wconf 88' lang='lat' dir='ltr'><strong>nubila</strong></span> <span class='ocrx_word' id='word_1_257' title='bbox 1529 3094 1766 3159; x_wconf 88' lang='lat' dir='ltr'><strong>portant.</strong></span> <span class='ocrx_word' id='word_1_258' title='bbox 1889 3104 1961 3145; x_wconf 74' lang='lat'><strong>505</strong></span> 
     </span>
     <span class='ocr_line' id='line_1_40' title="bbox 254 3159 1711 3227; baseline 0.006 -17"><span class='ocrx_word' id='word_1_259' title='bbox 254 3159 518 3211; x_wconf 89' lang='lat' dir='ltr'><strong>consimili</strong></span> <span class='ocrx_word' id='word_1_260' title='bbox 553 3159 766 3213; x_wconf 87' lang='lat' dir='ltr'><strong>ratione</strong></span> <span class='ocrx_word' id='word_1_261' title='bbox 801 3175 869 3211; x_wconf 85' lang='lat' dir='ltr'><strong>cx</strong></span> <span class='ocrx_word' id='word_1_262' title='bbox 906 3162 1156 3214; x_wconf 87' lang='lat' dir='ltr'><strong>omnibus</strong></span> <span class='ocrx_word' id='word_1_263' title='bbox 1191 3167 1443 3220; x_wconf 77' lang='lat' dir='ltr'><strong>amnibus</strong></span> <span class='ocrx_word' id='word_1_264' title='bbox 1477 3182 1634 3219; x_wconf 88' lang='lat' dir='ltr'><strong>umor</strong></span> <span class='ocrx_word' id='word_1_265' title='bbox 1704 3220 1711 3227; x_wconf 74' lang='grc'><strong>,</strong></span> 
     </span>
    </p>
   </div>
   <div class='ocr_carea' id='block_1_3' title="bbox 355 3343 384 3392">
    <p class='ocr_par' dir='ltr' id='par_1_20' title="bbox 355 3343 384 3392">
     <span class='ocr_line' id='line_1_41' title="bbox 355 3343 384 3392; baseline 0 0"><span class='ocrx_word' id='word_1_266' title='bbox 355 3343 384 3392; x_wconf 61' lang='lat' dir='ltr'>k</span> 
     </span>
    </p>
   </div>
  </div>
 </body>
</html>
