2259 3442
12 2618 19 2731 ᾼᾼᾼΝᾹΑ

12 3042 19 3159 ΑᾼᾼΑ-

122 1320 195 1537 {stt-“vu-
137 803 214 1275 vusswubvsstaegx„g

63 1548 245 1669 {a

1098 117 1131 173 I
1914 115 1985 171 21

288 232 324 271 a
356 217 505 272 caelo
541 217 614 271 ad
649 220 872 283 terram,
907 216 980 270 de
1015 219 1168 271 terra
1202 216 1277 270 ad
1311 216 1495 271 sidera
1528 216 1739 272 mundi.

285 295 435 363 quod
467 296 648 349 facere
682 293 831 348 haud
865 293 975 347 ullo
1012 294 1218 369 debent
1252 294 1551 364 primordia
1583 297 1759 364 pacto.

286 370 628 426 immutabile
663 371 809 425 enim
844 370 1107 441 quiddam
1145 388 1405 441 superare
1441 374 1735 440 necessest,
1922 386 1999 426 790

288 466 358 503 ne
393 465 483 502 res
517 448 592 502 ad
625 447 795 501 nilum
829 448 1155 516 redigantur
1189 448 1438 503 funditus
1474 466 1673 504 omnes

289 524 414 579 nam
453 524 833 593 quodcumque
870 525 981 578 suis
1015 528 1291 578 mutatum
1327 525 1528 579 finibus
1565 527 1723 652 exit,)
1779 553 1897 621 479
1913 579 1936 589 ,
1951 528 1986 611 s

289 602 544 656 continuo
579 601 683 656 hoc
716 618 863 655 mors
900 605 987 656 est
1020 601 1167 655 illius
1203 602 1351 671 quod
1385 602 1493 658 fuit
1527 607 1670 659 ante.

291 684 626 749 quapropter
664 679 916 748 quoniam
952 695 1092 756 quac
1128 679 1292 747 paulo
1329 678 1567 733 diximus
1603 683 1732 735 ante
1785 687 1856 735 „fi-
1883 709 1898 727 «
2011 696 2046 721 κ·
2065 662 2114 717 5³

286 756 346 810 in
380 759 774 811 commutatum
810 754 1053 823 veniunt,
1090 758 1340 809 constare
1374 760 1649 810 necessest
1925 767 1999 811 795

291 850 360 887 cx
396 834 514 887 aliis
551 850 630 902 ea,
666 850 806 902 quae
842 835 1119 902 nequeant
1156 832 1465 887 convertier
1500 849 1748 902 usquam,

290 927 360 964 no
394 910 497 964 tibi
535 927 624 964 res
660 910 894 964 redeant
929 909 1003 962 ad
1037 907 1209 961 nilum
1246 907 1494 962 funditus
1530 925 1731 963 omnes.

293 987 424 1054 quin
459 987 641 1055 potins
677 986 776 1039 tali
812 988 1010 1038 natura
1044 983 1301 1051 praedita
1335 983 1603 1052 quaedam

291 1052 520 1130 corpora
556 1061 874 1127 constituas,
910 1060 1095 1126 ignem
1132 1059 1179 1110 si
1215 1059 1359 1111 forte
1395 1060 1645 1125 crearint,

292 1153 452 1205 posse
488 1135 682 1188 eadem
719 1134 959 1202 demptis
994 1133 1181 1202 paucis
1216 1133 1512 1201 paucisque
1547 1134 1788 1201 tributis,
1926 1149 2001 1189 800

294 1212 487 1265 ordine
522 1213 734 1264 mutato
772 1214 830 1263 et
866 1212 1035 1275 motu,
1071 1209 1251 1262 facere
1286 1209 1429 1262 aeris
1463 1225 1637 1278 auram,

295 1288 372 1341 sic
408 1288 540 1341 alias
575 1286 692 1339 aliis
729 1285 895 1339 rebus
931 1284 1197 1339 mutarier
1231 1285 1438 1340 omnis?

367 1364 380 1389 ‘
398 1366 480 1418 At
515 1362 804 1417 manifesta
838 1361 1021 1432 palam
1057 1378 1148 1415 res
1183 1361 1412 1416 indicat'
1448 1363 1626 1432 inquis
1664 1364 1744 1418 ‘in
1779 1381 1942 1420 auras

295 1440 436 1494 aeris
472 1457 504 1495 e
539 1444 689 1494 terra
724 1456 812 1494 res
851 1439 1025 1493 omnis
1062 1454 1307 1493 crescere
1343 1439 1549 1509 alique3

295 1520 354 1571 et
388 1517 489 1571 nisi
529 1520 830 1586 tempestas
863 1516 1116 1584 indulget
1153 1519 1400 1585 tempore
1434 1517 1616 1572 fausto
1817 1558 1831 1570 .
1902 1534 2001 1578 ‚805

292 1593 574 1662 imbribuS‚
611 1597 679 1648 ut
713 1594 842 1648 tabe
877 1593 1184 1647 nimborum
1222 1592 1446 1648 arbusta
1481 1595 1749 1661 vacillent,
1903 1588 1968 1655 ξε
1983 1600 2010 1655 7

230 1660 237 1670 ’
294 1671 482 1739 solque
518 1656 753 1740 sui—pro
789 1675 949 1740 parte
985 1671 1136 1724 fovet
1172 1639 1478 1738 tribuitque
1513 1672 1762 1739 calorem,
1907 1668 2024 1726 <53⁴2

293 1764 537 1801 crescere
572 1764 681 1800 non
715 1747 926 1815 possint
961 1747 1150 1813 fruges
1186 1746 1412 1800 arbusta
1447 1748 1768 1823 animantis!

295 1823 499 1877 scilicet
535 1827 593 1877 et
627 1822 731 1875 nisi
766 1839 865 1875 nos
900 1821 1054 1875 cibus
1091 1821 1279 1874 aridus
1315 1825 1374 1875 et
1409 1825 1566 1876 tener
1600 1839 1757 1875 umor

294 1898 532 1966 adiuvet,
569 1899 764 1951 amisso
799 1899 907 1950 iam
945 1913 1173 1964 corpore
1208 1897 1321 1950 vita
1357 1913 1571 1965 quoque
1607 1899 1781 1951 omnis
1927 1915 2002 1952 810

295 1974 548 2028 omnibus
585 1991 615 2028 e
649 1973 831 2026 nervis
868 1976 1034 2040 atque
1070 1971 1281 2024 ossibus
1318 1973 1644 2027 exsoluatur.

295 2050 609 2104 adiutamur
644 2050 789 2103 enim
825 2047 991 2101 dubio
1027 2047 1220 2117 procul
1258 2051 1425 2117 atquo
1453 2036 1653 2108 alimur
1686 2066 1786 2103 nos

1471 2108 1752 2129 W„

251 2183 268 2191 ,
293 2127 457 2181 certis
493 2125 563 2180 ab
599 2126 777 2193 rebuS,
816 2124 983 2179 certis
1019 2124 1160 2178 aliae
1195 2127 1363 2194 atque
1401 2125 1556 2197 aliae*
1572 2142 1675 2196 res.

295 2203 550 2257 nimirum
585 2203 711 2273 quia
744 2203 920 2256 multa
953 2201 1131 2255 modis
1167 2203 1472 2256 communia
1507 2203 1693 2257 multis

295 2280 590 2334 multarum
625 2296 809 2334 rerum
844 2279 900 2332 in
936 2274 1102 2333 rebus
1138 2279 1439 2348 primordia
1471 2279 1643 2334 mixta
1719 2274 1724 2280 ’
1928 2297 2002 2335 815

296 2359 436 2424 sunt,
472 2355 598 2410 ideo
632 2356 795 2409 variis
831 2356 1014 2409 variae
1051 2372 1143 2409 res
1177 2355 1343 2410 rebus
1380 2356 1612 2410 aluntur.
1667 2364 1726 2423 μ’
1759 2418 1764 2427 ι

296 2436 463 2502 atque
498 2433 690 2486 eadem
724 2432 907 2500 magni
942 2433 1115 2486 refert
1150 2433 1449 2501 primordia
1484 2450 1644 2502 saepo

294 2525 418 2562 cum
451 2508 648 2577 quibus
684 2511 741 2561 et
776 2508 921 2576 quali
956 2509 1200 2577 positura
1238 2509 1619 2563 contineantur

295 2589 355 2639 et
389 2602 527 2653 quos
561 2586 707 2639 inter
742 2601 802 2638 se
838 2584 974 2639 dent
1008 2588 1190 2638 motus
1226 2585 1631 2654 accipiantque3

296 2677 531 2729 namque
566 2661 762 2716 eadem
797 2661 1005 2715 caelum
1040 2677 1192 2713 mare
1228 2663 1408 2714 terras
1443 2661 1665 2715 flumina
1699 2663 1868 2715 solem
1926 2675 2002 2714 820

294 2737 651 2805 constituunt,
690 2737 883 2791 eadem
919 2738 1102 2805 fruges
1143 2737 1368 2791 arbusta
1403 2737 1707 2811 animanti-s,

298 2829 487 2867 verum
522 2814 642 2867 aliis
679 2814 893 2881 alioque
927 2813 1089 2867 modo
1126 2814 1421 2866 commixta
1457 2816 1756 2868 moventur.

297 2891 427 2958 quin
464 2890 630 2943 etiam
666 2891 868 2959 passim
903 2889 1106 2943 nostris
1140 2890 1195 2942 in
1230 2890 1475 2943 versibus
1508 2889 1642 2960 ipsis

297 2966 472 3020 multa
507 2967 779 3021 elementa
813 2967 968 3022 vides
1003 2966 1191 3020 multis
1228 2967 1533 3021 communia
1569 2967 1764 3035 verbis,

298 3059 421 3096 cum
457 3047 640 3097 tamen
676 3044 823 3098 inter
859 3060 919 3098 se
953 3060 1143 3098 versus
1179 3060 1242 3097 ac
1277 3043 1443 3098 verba
1479 3048 1754 3100 necessest
1929 3052 2003 3092 825

299 3119 592 3174 confiteare
629 3125 687 3175 et
722 3138 784 3174 re
819 3126 879 3176 et
915 3122 1097 3176 sonitu
1137 3120 1342 3175 distare
1380 3122 1605 3176 sonanti.

299 3196 516 3248 tantum
551 3197 822 3251 elementa
856 3202 1063 3266 queunt
1096 3200 1413 3267 permutato
1449 3198 1641 3251 ordino
1676 3196 1804 3249 solo.
