2259 3442
250 174 456 230 vertice
490 174 563 228 de
598 172 801 228 montis
835 172 1128 226 videantur
1161 187 1388 239 surgere
1421 173 1479 226 in
1512 172 1784 227 aethram.

247 268 375 306 nam
409 250 530 304 loca
564 250 810 305 declarat
845 264 1059 318 sursum
1094 250 1323 301 ventosa
1356 252 1547 317 patere

245 345 337 383 res
371 327 493 397 ipsa
529 330 589 381 et
624 342 830 393 sensus,
866 324 1069 378 montis
1102 340 1228 378 oum
1263 325 1605 380 ascendimus
1638 326 1804 381 altos.

245 408 536 476 praeterea
570 402 846 473 permulta
880 401 1017 455 mari
1052 417 1274 470 quoque
1308 402 1502 457 tollere
1535 406 1656 457 toto
1909 419 2014 461 47⁰

246 496 477 551 corpora
510 482 767 533 naturam
804 477 1087 533 declarant
1123 476 1286 532 litore
1321 482 1506 534 vestes

247 574 559 627 suspensae,
596 573 720 610 cum
755 554 1068 624 concipiunt
1102 555 1311 609 umoris
1345 554 1659 610 adhaesum.

247 651 357 704 quo
393 634 567 702 magis
602 633 676 687 ad
711 631 872 685 nubis
911 631 1191 700 augendas
1228 632 1403 686 multa
1436 631 1694 686 videntur

246 728 407 780 posse
444 726 665 779 quoque
701 726 734 763 e
769 709 911 763 salso
950 724 1285 777 consurgere
1322 709 1561 763 momine
1593 709 1783 778 ponti;

247 804 375 841 nam
410 786 552 840 ratio
589 785 1042 853 consanguineast
1075 785 1360 838 umoribus
1394 785 1529 839 ollis.
1893 799 1991 841 475

248 868 537 933 praeterea
572 861 748 915 fluviis
784 878 853 916 ex
888 860 1140 915 omnibus
1176 864 1236 915 et
1271 861 1431 915 simul
1467 862 1586 930 ipsa
1896 868 1915 875 “

249 956 475 1008 surgere
512 938 583 994 de
620 942 771 993 terra
804 936 1032 992 nebulas
1068 940 1394 1006 aestumque
1429 939 1690 1006 videmus,

249 1020 391 1087 quale
427 1015 578 1070 velut
611 1014 814 1070 halitus
849 1014 975 1068 hinc
1009 1014 1091 1068 ita
1125 1029 1343 1068 sursum
1377 1030 1640 1084 expressa
1669 1014 1941 1068 feruntur

250 1092 682 1160 suffunduntque
716 1108 814 1145 sua
848 1089 1060 1145 caelum
1094 1090 1327 1159 caligine
1362 1093 1422 1145 et
1456 1090 1596 1144 altas

248 1169 523 1223 sufficiunt
557 1167 716 1221 nubis
750 1167 1017 1235 paulatim
1053 1165 1443 1222 conveniundo.
1886 1182 1980 1222 480

249 1249 415 1315 urget
451 1244 596 1299 enim
633 1260 853 1312 quoque
889 1242 1132 1311 signiferi
1172 1260 1339 1313 super
1373 1243 1613 1298 aetheris
1644 1246 1834 1297 aestus

249 1325 310 1376 ot
344 1322 500 1391 quasi
537 1320 816 1374 densendo
852 1319 1100 1375 subtexit
1134 1320 1353 1375 caerula
1385 1319 1598 1374 nimbis.

250 1399 316 1452 fit
352 1415 569 1467 quoque
605 1400 669 1450 ut
703 1396 812 1451 huc
847 1397 1069 1451 veniant
1104 1396 1162 1449 in
1197 1397 1406 1451 caelum
1442 1398 1778 1452 extrinsecus
1809 1398 1904 1452 illa

248 1491 478 1544 corpora
514 1490 656 1541 quae
692 1472 900 1527 faciunt
934 1472 1097 1527 nubis
1134 1472 1454 1542 nimbosque
1488 1475 1735 1529 volantis.

248 1548 699 1605 innumerabilem
718 1549 861 1601 enim
882 1565 1168 1602 numerum
1190 1566 1566 1619 summamque
1584 1550 1840 1619 profundi
1884 1567 1969 1605 486

249 1643 371 1682 esse
403 1624 670 1679 infinitam
707 1622 885 1693 docui,
923 1628 1239 1693 quantaque
1275 1642 1308 1679 v
1311 1625 1522 1680 olarcnt

247 1719 478 1770 corpora
512 1686 819 1754 mobilitate
856 1700 1073 1754 ostendi
1111 1717 1389 1770 quamque
1425 1706 1652 1769 repente

249 1775 663 1833 inmemorabile
690 1793 804 1845 per
841 1777 1080 1846 spatium
1115 1779 1354 1832 transire
1390 1778 1642 1834 solerent.

248 1855 386 1910 haut
420 1856 593 1924 igitur
628 1854 886 1908 mirumst
922 1854 969 1908 si
1004 1870 1175 1924 parvo
1212 1857 1462 1923 tempore
1497 1872 1661 1925 saepe

248 1935 365 1987 tam
399 1931 609 2000 magnis
644 1931 844 1985 nimbis
878 1933 1182 2000 tempestas
1218 1933 1387 2000 atque
1421 1932 1683 1987 tenebrae
1884 1946 1962 1987 400

249 2010 533 2077 coperiunt
565 2007 741 2061 maria
777 2025 841 2062 ac
876 2010 1057 2061 terras
1091 2007 1321 2075 inpensa
1357 2025 1606 2078 superne,

249 2084 495 2154 undique
532 2083 975 2153 quandoquidem
1010 2099 1111 2152 per
1149 2083 1333 2138 caulas
1370 2085 1612 2139 aetheris
1646 2086 1820 2141 omnis

250 2165 310 2216 et
345 2162 503 2231 quasi
537 2177 639 2230 per
674 2160 858 2229 magni
894 2160 1099 2214 circum
1138 2158 1407 2229 spiracula
1440 2162 1632 2215 mundi

250 2240 432 2293 exitus
466 2237 835 2307 introitusque
872 2237 1158 2291 elementis
1193 2235 1446 2291 redditus
1482 2241 1652 2292 extat.

320 2314 483 2367 Nunc
517 2329 634 2380 age,
671 2329 779 2380 quo
814 2316 978 2381 pacto
1012 2313 1227 2379 pluvius
1262 2318 1577 2370 concrescat
1609 2315 1667 2368 in
1700 2316 1826 2370 altis
1885 2331 1956 2371 495

248 2389 487 2444 nubibus
523 2404 680 2442 umor
716 2390 774 2440 et
809 2388 867 2440 in
901 2392 1079 2442 terras
1116 2389 1387 2444 demissus
1422 2393 1487 2445 ut
1520 2391 1698 2446 imber

251 2466 486 2533 decidat,
523 2463 828 2533 expediam.
862 2464 1099 2533 primum
1136 2466 1248 2530 iam
1284 2467 1493 2522 semina
1526 2469 1685 2537 aquai

249 2543 426 2597 multa
462 2541 621 2596 simul
658 2540 868 2595 vincam
905 2558 1233 2612 consurgere
1267 2543 1504 2598 nubibus
1536 2545 1671 2613 ipsis

251 2620 501 2675 omnibus
536 2636 607 2675 ex
641 2618 807 2673 rebus
841 2619 1161 2690 pariterque
1196 2620 1277 2675 ita
1311 2637 1559 2676 crescere
1592 2626 1899 2692 utrumque,

249 2700 310 2751 et
332 2697 494 2751 nubis
518 2700 577 2752 et
599 2713 801 2765 aquam
824 2712 1199 2764 quaecumque
1222 2697 1278 2750 in
1302 2697 1540 2752 nubibus
1563 2702 1734 2768 extat,
1883 2713 1955 2754 500

250 2777 315 2828 ut
347 2775 560 2842 pariter
594 2772 753 2827 nobis
790 2789 987 2843 corpus
1024 2789 1151 2826 oum
1188 2777 1450 2845 sanguine
1485 2776 1696 2844 crescit,

252 2851 422 2905 sudor
439 2852 574 2906 item
593 2853 763 2920 atque
781 2867 940 2905 umor
960 2852 1288 2920 quicumque
1302 2857 1396 2908 ost
1413 2853 1649 2923 denique
1665 2851 1934 2907 membris.

250 2927 562 2994 concipiunt
597 2927 767 2981 etiam
803 2927 1037 2982 multum
1074 2944 1293 2997 quoquo
1329 2947 1493 2998 saepo
1527 2931 1797 2984 marinum

249 3018 512 3067 umorem,
550 3002 721 3055 veluti
758 3003 1057 3071 pendentia
1091 3005 1296 3060 vellera
1330 3007 1501 3074 lanae,

249 3092 375 3129 cum
410 3093 608 3144 supera
641 3092 899 3142 magnum
933 3093 1082 3132 mare
1119 3080 1269 3133 venti
1304 3081 1494 3134 nubila
1527 3084 1763 3149 portant.
1883 3095 1950 3136 ωδ

250 3151 515 3203 consimili
550 3151 763 3204 ratione
798 3166 866 3202 cx
902 3153 1154 3205 omnibus
1188 3158 1441 3209 amnibus
1474 3173 1632 3210 umor
1700 3209 1708 3216 ,
