2259 3442
1089 122 1222 161 xxm

292 238 428 294 haee
450 243 615 295 nocet
650 240 973 294 sententiae.
1046 240 1379 310 Bernaysius
1416 243 1518 296 siet
1556 243 1664 296 liic.
1707 244 1899 314 scripsi
1930 247 2006 300 sit

293 326 362 380 in
387 327 490 380 Ιιοσ
515 343 587 380 sc.
610 327 834 380 mundo,
890 328 1024 382 haec
1047 345 1117 382 ex
1142 328 1321 383 vicino
1346 347 1517 384 causa
1540 334 1724 383 ortum
1748 335 1849 385 est.

398 420 500 468 538
569 413 695 466 libri
720 429 889 468 vtvrr.
962 414 1345 469 Lachmannus
1368 416 1562 469 crevit.

397 504 499 550 545
569 497 697 551 libri
735 514 866 559 Qun*
891 506 1126 560 'eunoun
1170 514 1390 560 QUAEA'P
1422 515 1540 554 Rus.
1575 500 1763 569 inepte
1796 502 2003 556 Grono-

290 581 411 636 vius
436 583 582 650 quid
615 576 861 652 quaeque
893 585 1056 639 vehat
1089 601 1180 639 res
1193 604 1219 651 ;
1256 602 1358 638 nec
1394 585 1588 638 melius
1623 585 2003 641 Lachmannus

291 683 340 735 q.
358 684 408 735 q.
430 675 592 722 aveat
614 686 663 723 r.
695 670 767 723 ad
806 671 975 724 totius
998 671 1113 726 floci-
1147 670 1478 724 sententiam
1509 670 1669 724 unice
1704 673 1896 739 aptum
1924 672 2002 725 vi-

290 753 458 807 detur
484 755 630 818 quid
650 771 897 824 quaeque
927 763 1085 810 meat
1107 773 1211 810 ree.
1236 756 1331 825 qui
1361 755 1448 809 bis
1473 773 1701 810 suemus
1725 757 1882 826 dixit,
1908 775 2002 827 po-

291 836 413 893 tuit*
426 841 594 894 semel
616 848 775 894 sucat
798 842 998 896 dicere.

397 933 498 982 568
568 944 671 996 pro
719 928 772 981 N
776 943 902 982 11:111.
948 944 1064 982 mm
1104 929 1483 984 Lachmannus
1530 930 1644 984 Nil
1680 948 1746 985 ea
1783 931 1852 986 in
1893 932 1999 986 lais.

290 1013 485 1067 molius
509 1014 840 1083 Bernaysius
863 1014 977 1069 Nil
997 1016 1099 1069 illa
1121 1015 1228 1071 his.

397 1105 498 1154 586
567 1117 675 1154 non
700 1099 893 1155 dubito
910 1102 1048 1169 ‘quin
1074 1101 1245 1155 editio
1273 1102 1298 1155 I
1305 1106 1419 1157 unt.
1441 1104 1497 1156 in
1522 1104 1632 1158 fine
1658 1122 1849 1158 versus
1880 1122 1998 1159 rec-

288 1183 503 1238 tissime
526 1183 683 1252 iquos
704 1182 922 1239 habeat.
959 1186 1160 1239 omissa
1191 1190 1278 1240 est
1307 1203 1415 1239 vox
1447 1187 1522 1240 ob
1552 1188 1846 1257 superioris
1880 1205 1999 1242 ver-

291 1286 383 1323 sus
418 1270 588 1337 iynes.
648 1271 1029 1326 Lachmannus
1048 1273 1341 1341 flammae,
1377 1273 1526 1341 quod
1561 1275 1842 1342 coniungit
1873 1292 1996 1329 cum

290 1356 662 1426 sequentibus.
698 1358 746 1410 is
787 1357 943 1424 iynes
977 1358 1224 1427 ineptam
1256 1375 1377 1413 esse
1415 1359 1798 1430 repetitionem
1847 1359 1996 1426 dicit,

290 1443 391 1496 sed
414 1441 680 1497 eiusmodi
710 1442 1067 1510 repetitiones
1097 1444 1302 1512 passim
1335 1445 1391 1498 in
1424 1445 1680 1499 Lucretio
1714 1445 1997 1500 inveniun-

288 1534 395 1583 tur.

300 1646 306 1651 -
393 1620 496 1669 609
575 1617 844 1670 accedere.
869 1618 936 1671 cf.
961 1618 1031 1671 ad
1058 1632 1106 1672 11
1135 1622 1281 1673 1025.

393 1707 494 1756 610
565 1719 667 1771 pro
690 1718 760 1756 ΕΤ
784 1702 1165 1757 Lachmannus
1190 1722 1230 1758 e.

392 1792 495 1842 614
562 1804 665 1857 pro
704 1803 882 1841 mecm
920 1789 1223 1843 Lambinus
1254 1791 1460 1859 optime
1491 1799 1659 1846 certa.
1698 1796 1826 1847 ante
1860 1791 1996 1845 illud

286 1878 341 1926 et
361 1872 563 1926 insulsi.
592 1872 974 1928 Lachmannus
997 1889 1266 1928 nunnus.
1329 1875 1661 1943 Bel-naysius
1685 1878 1919 1930 reclusa.

390 1964 679 2013 689—693.
738 1958 882 2013 hunc
917 1960 1099 2014 locum
1135 1945 1513 2026 multipliciter
1560 1960 1782 2014 vexavit
1823 1961 1996 2014 Lach-

285 2059 528 2097 mannus.
586 2049 690 2098 690
726 2060 827 2113 pro
866 2058 1049 2098 Mnus
1089 2044 1309 2112 scripsit
1356 2047 1605 2110 metans3
1652 2044 1857 2099 deinde
1893 2051 1995 2099 692

284 2131 344 2182 et
369 2134 470 2183 693
494 2128 752 2192 invertit3
787 2127 1022 2197 deniquo
1044 2145 1146 2196 pro
1171 2144 1409 2190 enmono
1435 2129 1594 2184 dedit
1616 2129 1843 2197 obliqui,
1869 2146 1994 2184 cum

284 2215 654 2284 superioribus
693 2216 1037 2283 coniungens
1100 2220 1166 2271 ut
1204 2222 1306 2270 524
1342 2225 1549 2285 eamear,
1582 2224 1886 2286 pascentes,
1918 2218 1996 2271 sic

282 2301 385 2356 hoc
418 2290 537 2356 loco
571 2318 818 2374 serpens,
854 2303 1122 2370 lustrans,
1166 2306 1225 2357 ot
1263 2318 1326 2358 v1
1372 2310 1501 2358 1141
1538 2305 1779 2372 veniens,
1818 2310 1994 2367 ortus,

282 2391 341 2441 et
369 2393 502 2441 1260
525 2387 815 2455 Zmayzaens,
841 2404 941 2441 con
950 2389 1176 2442 confflem
1209 2389 1501 2458 improbat,
1528 2406 1861 2458 quamquam
1887 2406 1993 2442 non

281 2489 406 2526 raro
427 2473 509 2527 ita
530 2472 773 2540 loquitur
808 2476 985 2541 poeta,
1007 2475 1067 2527 et
1102 2473 1294 2528 Cicero
1323 2473 1381 2527 in
1418 2475 1657 2543 ArateiS,
1682 2490 1847 2543 quem
1876 2491 1996 2542 pas-

281 2558 384 2611 sim
407 2558 655 2611 imitatus
680 2560 767 2610 est
789 2562 992 2612 noster.

385 2647 414 2701 7
419 2649 501 2711 03,
529 2647 642 2701 704.
680 2643 1178 2699 La-chmannianam
1201 2645 1397 2699 horum
1420 2662 1677 2700 versuum
1694 2646 1995 2700 distinctio-

278 2746 403 2783 nem
428 2729 750 2799 intellegere
773 2747 1002 2799 nequeo,
1035 2747 1336 2799 numquam
1361 2732 1649 2799 quisquam
1674 2729 1993 2784 mortalium

276 2817 500 2885 negavit
524 2821 622 2872 aut
643 2835 846 2885 negare
880 2820 1070 2885 potest
1103 2818 1269 2869 solem
1300 2823 1454 2870 certa
1482 2818 1782 2884 desumere
1801 2824 1991 2884 parte.

276 2906 510 2972 apparet
532 2907 755 2974 poetam
778 2904 853 2957 ad
879 2909 979 2957 660
998 2919 1118 2970 sqq.
1137 2901 1433 2971 respicere.
1469 2919 1637 2971 quare
1661 2920 1769 2955 non
1796 2902 1994 2956 dubito

276 2989 408 3057 quin
432 2992 559 3057 post
602 2994 702 3046 704
743 2987 1054 3042 huiusmodi
1091 2987 1324 3056 perierit
1364 3003 1571 3056 versuS,
1615 2987 1732 3051 Qui
1751 2987 1995 3052 faciunt

274 3076 410 3129 eolis
432 3091 580 3128 nova
603 3091 825 3142 semper
847 3073 1077 3128 lumina
1096 3073 1282 3141 yiym'.

304 3186 309 3191 ·
382 3164 484 3217 720
556 3175 608 3214 s1
647 3174 839 3213 romu.
914 3159 1298 3212 Lachmannus
1346 3157 1425 3211 sit
1467 3158 1629 3224 sorte
1679 3156 1835 3211 ‘sine
1880 3157 1995 3211 ulla
