2259 3442
217 195 352 264 quid
385 211 549 263 porro
584 198 875 264 nequeant,
913 170 1194 247 sancitum'
1216 191 1665 262 quandoquidem
1699 201 1870 258 extat,

217 289 318 327 nec
352 273 720 326 commutatur
755 272 1059 339 quicquam,
1095 269 1227 337 quin
1264 269 1445 322 omnia
1478 274 1733 325 constent

216 366 390 419 usque
424 347 579 415 adeo,
600 347 796 400 *variae
833 345 1076 399 volucres
1108 347 1176 398 ut
1210 345 1264 398 in
1301 345 1493 400 ordine
1528 350 1757 401 cunctae
1843 354 1848 359 ’

217 426 510 480 ostendant
544 423 782 476 maculas
814 421 1084 489 generalis
1118 437 1346 490 corpore
1380 422 1571 490 inesse,
1846 437 1930 478 59⁰⁷

216 500 547 555 inmutabili'
582 498 845 552 materiae
882 513 1100 567 quoque
1138 514 1334 567 corpus
1369 499 1574 554 habere

218 578 424 632 debent
456 576 726 629 nimirum.
763 590 890 627 nam
926 574 971 627 si
1007 574 1306 643 primordia
1339 593 1522 630 rerum

217 652 537 708 commutari
570 652 756 719 aliqua
788 649 1001 719 possint
1035 650 1248 705 ratione
1285 652 1505 717 revicta,

216 729 481 783 incertum
518 744 736 797 quoque
762 726 883 780 iam
918 729 1137 781 constet
1172 726 1309 798 quid
1343 728 1516 797 possit
1550 729 1698 796 oriri,

219 805 356 875 quid
388 809 640 873 nequeat,
678 804 833 858 finita
870 806 1117 873 potestas
1155 803 1393 873 denique
1427 806 1621 874 cuique
1848 819 1922 859 595

219 898 453 951 quanam
487 881 560 936 sit
595 881 805 935 ratione
841 886 1011 951 atque
1047 881 1160 935 alte
1196 881 1462 935 terminus
1496 882 1743 946 haerens,

218 974 319 1012 nec
352 958 557 1012 totiens
592 958 802 1027 possint
837 958 1147 1025 generatim
1184 958 1361 1012 saecla
1395 960 1602 1014 referre

218 1037 470 1089 naturam
504 1051 682 1089 mores
718 1034 922 1089 vietum
956 1037 1250 1105 motusque
1284 1040 1589 1105 parentum.
1811 1081 1816 1087 .

289 1111 427 1166 Tum
450 1129 613 1181 porro
637 1111 890 1181 quoniam
916 1114 1003 1165 est
1027 1115 1335 1165 extremum
1360 1114 1619 1183 quodque
1642 1127 1899 1165 cacumen

219 1190 460 1259 corporis
496 1189 640 1244 illius
673 1188 822 1258 quod
857 1189 1031 1244 nostri
1066 1206 1293 1244 cernere
1329 1207 1517 1245 sensus
1850 1202 1922 1242 eoo

218 1266 328 1320 iam
362 1270 654 1336 nequeunt,
690 1266 751 1319 id
787 1266 1044 1320 nimirum
1084 1266 1201 1320 sine
1236 1266 1485 1335 partibus
1520 1270 1677 1321 extat
1934 1265 1938 1271 '

221 1346 281 1396 et
315 1342 536 1396 minima
569 1345 786 1396 constat
820 1346 1018 1396 natura
1038 1348 1155 1396 'nec
1190 1343 1294 1397 fuit
1329 1359 1588 1412 umquam

219 1434 321 1486 per
355 1435 416 1471 se
449 1421 723 1471 secretum
757 1433 935 1485 neque
971 1418 1199 1486 posthae
1234 1434 1355 1471 esse
1389 1418 1610 1485 valebit,

219 1493 444 1546 alterius
479 1493 787 1558 quoniamst
820 1492 1000 1561 ipsum
1034 1509 1179 1560 parS,
1214 1492 1498 1561 primaque
1534 1498 1593 1548 et
1626 1510 1736 1547 una

220 1568 350 1622 inde
385 1567 523 1622 aliae
557 1571 725 1635 atque
760 1568 900 1622 aliae
935 1568 1140 1621 similes
1174 1585 1244 1622 ex
1280 1568 1472 1623 ordine
1506 1572 1693 1638 partes
1852 1584 1925 1624 606
2001 1622 2008 1630 ,

222 1645 438 1713 agmine
473 1643 746 1698 condenso
780 1646 1034 1698 naturam
1072 1645 1313 1714 corporis
1349 1646 1590 1716 explent,

222 1738 363 1791 quae
399 1721 655 1791 quoniam
689 1737 791 1790 per
825 1737 885 1775 se
921 1725 1204 1788 nequeunt
1242 1725 1509 1791 constare,
1545 1725 1823 1778 necessest

222 1797 450 1852 haerere
484 1796 632 1851 unde
669 1799 875 1866 queant
909 1797 1059 1851 nulla
1094 1798 1305 1852 ratione
1340 1799 1541 1854 revelli.

223 1878 352 1929 sunt
386 1873 557 1943 igitur
592 1873 766 1928 solida
799 1868 1097 1943 primordia
1134 1874 1483 1945 simplicitate

223 1966 364 2021 quae
398 1950 634 2005 minimis
670 1951 875 2021 stipata
901 1951 1206 2006 'cohaerent
1242 1952 1490 2022 partibus
1526 1956 1661 2020 arte,
1857 1965 1931 2006 610

222 2045 331 2081 non
366 2045 435 2082 ex
469 2028 686 2082 illarum
721 2032 991 2083 conventu
1028 2028 1327 2097 conciliata,

223 2105 324 2159 sed
357 2104 531 2174 magis
566 2109 794 2159 aeterna
829 2104 1088 2171 pollentia
1128 2104 1495 2173 simplicitate,

222 2181 369 2235 unde
403 2197 581 2250 neque
615 2180 774 2233 avelli
812 2178 1106 2249 quicquam
1147 2195 1327 2248 neque
1363 2180 1603 2243 deminui
1638 2180 1746 2233 iani

222 2257 472 2311 concedit
504 2261 702 2309 natura
735 2271 1019 2309 reservans
1062 2254 1272 2307 semina
1306 2255 1485 2308 rebus.

220 2335 509 2401 praeterea
543 2331 646 2384 nisi
682 2330 788 2384 erit
824 2328 1122 2392 minimum,
1161 2330 1482 2398 parvissima
1516 2347 1765 2400 quaeque
1861 2343 1933 2383 015

223 2424 450 2477 corpora
483 2405 812 2460 constabunt
850 2421 918 2458 cx
958 2404 1209 2475 partibus
1246 2405 1490 2473 infinitis,

222 2484 424 2553 quippe
456 2481 552 2536 ubi
588 2480 847 2536 dimidiae
882 2481 1057 2551 partis
1094 2498 1223 2551 pars
1262 2497 1480 2552 semper
1513 2483 1741 2539 habebit

223 2559 507 2614 dimidiam
542 2563 759 2629 partem
793 2576 893 2613 nec
929 2575 1018 2613 res
1058 2559 1350 2630 praefiniet
1384 2560 1509 2615 ulla„

223 2652 355 2704 ergo
389 2653 573 2693 rerum
607 2636 755 2689 inter
791 2653 1058 2691 summam
1098 2635 1491 2706 minimamque
1530 2637 1663 2706 quid
1700 2637 1872 2693 escit?
1943 2652 1947 2659 ·

222 2713 297 2766 nil
335 2714 444 2768 erit
477 2717 542 2768 ut
578 2714 780 2779 distet;
814 2731 941 2768 nam
979 2713 1230 2785 quamvis
1270 2715 1519 2769 funditus
1555 2714 1729 2769 omnis
1866 2729 1941 2769 mo

224 2806 437 2844 summa
472 2792 546 2846 sit
579 2791 809 2855 infinita,
848 2796 1051 2862 tamen,
1093 2792 1422 2864 parvissima
1458 2809 1614 2867 921?qu
1631 2795 1779 2859 sunt,

224 2882 293 2919 ex
329 2867 553 2922 infinitis
590 2868 921 2924 constabunt
959 2869 1214 2939 partibus
1250 2887 1437 2939 aeque.

226 2943 375 3011 quod
412 2945 667 3013 quoniam
706 2946 848 3000 ratio
885 2947 1149 3002 reclamat
1167 2952 1317 3001 'vera
1352 2950 1628 3015 negatque

210 3018 458 3075 'eredere
495 3038 654 3089 posse
689 3023 946 3090 animum,
984 3024 1162 3079 victus
1199 3024 1410 3079 fateare
1448 3029 1723 3077 necessest

228 3101 353 3188 esse
389 3114 456 3152 ea
489 3114 630 3167 quae
667 3099 829 3153 nullis
865 3100 973 3154 iam
1009 3100 1265 3169 praedita
1299 3101 1552 3169 partibus
1590 3101 1784 3154 extent
1875 3112 1950 3154 625

285 3173 547 3229 minima
580 3178 834 3230 constent
872 3181 1082 3231 natura„
1121 3193 1263 3245 quae
1300 3183 1558 3257 quoniam
1599 3183 1742 3244 suut,
1903 3190 1908 3197 ·

2251 2978 2259 3015 „—
2251 2780 2259 2965 βψ.-
