2259 3442
259 64 372 124 172
1071 60 1171 116 VI

248 185 510 225 concussu
543 168 656 222 late
691 167 1008 236 disserpunt
1041 166 1172 219 inde
1208 167 1492 219 tremores.

247 248 306 299 et
339 246 553 311 merito,
589 245 844 314 quoniam
877 242 1109 313 plaustri
1146 258 1408 295 concussa
1440 244 1786 297 tremescunt
1842 253 1847 256 ’

246 324 397 376 tecta
430 323 574 375 viam
607 325 835 389 propter
867 336 976 373 non
1012 335 1209 387 magno
1244 318 1489 407 pondere
1524 321 1669 408 totas

245 414 348 451 nec
381 397 562 451 minus
599 397 861 462 exultant,
899 412 1127 463 scrupus
1163 395 1502 464 quicumque
1535 395 1640 449 viai
1911 411 2001 451 550

244 474 482 528 ferratos
514 473 793 542 utrimque
828 477 1075 527 rotarum
1112 472 1350 526 succutit
1384 472 1563 527 orbes.

246 550 314 604 fit
348 566 582 620 quoque,
617 549 712 603 ubi
743 550 801 604 in
838 566 1061 618 magnas
1096 554 1275 617 aqiiae
1312 552 1602 617 vastasque
1636 549 1871 603 lucunas

245 625 409 695 gleba
442 629 722 681 vetustate
756 644 789 681 e
824 630 975 681 terra
1011 626 1355 697 provolvitur
1389 626 1593 694 ingena

246 711 311 757 ut
344 703 581 757 iactetur
614 719 788 770 aquae
822 703 994 757 fluctu
1029 720 1247 773 quoque
1282 705 1435 756 terra
1469 703 1755 768 vacillans;

248 784 313 833 ut
347 796 443 833 vas
476 779 767 833 interdum
800 797 908 833 non
943 780 1064 848 quit
1098 783 1368 847 constare,
1403 779 1507 833 nisi
1541 795 1697 831 umor
1901 793 1988 832 555

250 856 468 910 destitit
501 856 560 909 in
595 855 762 910 dubio
798 857 969 910 fluctu
1003 855 1259 910 iactarier
1293 855 1458 909 intus.

323 932 620 987 Praeterea
652 936 850 986 ventus
884 949 1008 987 cum
1042 949 1145 1002 per
1181 932 1300 986 loca
1336 932 1576 986 subcava
1609 934 1794 985 terrae

250 1009 509 1063 collectus
543 1012 706 1079 parte
743 1026 813 1063 cx
845 1025 955 1062 una
988 1008 1302 1077 procumbit
1337 1013 1397 1062 et
1432 1011 1598 1076 urget
1734 1017 1739 1022 ’

249 1086 482 1139 obnixus
518 1086 731 1155 magnis
766 1085 1052 1155 speluncas
1087 1084 1296 1138 viribus
1332 1086 1488 1152 altas,

251 1161 520 1216 incumbit
553 1162 718 1216 tellus
752 1176 860 1229 quo
894 1160 1044 1215 venti
1078 1176 1252 1228 prona
1284 1162 1490 1229 premit
1522 1161 1619 1215 vis.
1899 1175 1983 1215 560

252 1241 371 1291 tum
408 1254 610 1309 supera
643 1241 850 1292 terram
886 1253 1027 1306 quae
1064 1240 1194 1291 sunt
1229 1240 1484 1292 extructa
1519 1238 1803 1316 domorum
2006 1251 2011 1256 ·

252 1314 326 1367 ad
360 1315 678 1384 caelumque
710 1315 883 1383 magis
918 1317 1123 1381 quanto
1160 1316 1290 1367 suut
1327 1314 1481 1368 edita
1516 1330 1776 1383 quaeque,

251 1390 514 1446 inclinata
547 1392 826 1446 minantur
859 1392 917 1443 in
953 1390 1184 1444 eandem
1220 1389 1442 1459 prodita
1474 1394 1689 1460 partem

252 1471 673 1537 protractaeque
706 1467 894 1521 trabes
927 1467 1231 1537 inpendent
1265 1467 1348 1521 ire
1383 1470 1622 1534 paratae.

254 1549 315 1600 et
348 1548 604 1599 metuunt
637 1545 819 1611 magni
853 1547 1106 1597 naturam
1143 1543 1372 1598 credere
1409 1543 1597 1596 mundi
1814 1549 1818 1553 *
1897 1556 1978 1597 565

256 1621 477 1676 exitiale
510 1620 733 1689 aliquod
768 1623 987 1688 tempus
1023 1619 1346 1687 clademque
1379 1636 1618 1687 manere,
1699 1627 1703 1634 '

255 1714 380 1751 cum
414 1696 636 1751 videant
669 1698 882 1749 tantam
917 1698 1191 1749 terrarum
1227 1695 1545 1750 incumbere
1581 1694 1809 1749 molem!

255 1773 406 1843 quod
437 1773 542 1827 nisi
576 1773 852 1843 respirent
885 1772 1052 1838 venti,
1085 1772 1168 1825 vis
1201 1771 1351 1825 nulla
1386 1772 1628 1826 refrenet

256 1866 345 1904 res
380 1865 558 1920 neque
592 1850 663 1904 ab
700 1850 867 1904 exitio
903 1849 1078 1918 possit
1112 1847 1518 1917 reprehendere
1552 1847 1746 1901 euntis.

256 1943 399 1981 nunc
433 1927 561 1996 quia
594 1927 870 1995 respirant
904 1925 1130 1980 alternis
1166 1926 1336 1993 inque
1371 1929 1702 1993 gravescunt
1900 1940 1977 1979 570

257 2007 316 2057 et
352 2004 507 2074 quasi
542 2004 755 2058 collecti
790 2003 1029 2060 redeunt
1064 2000 1383 2070 ceduntque
1419 2001 1643 2070 repulsi,

258 2081 473 2148 saepius
504 2079 646 2133 hanc
680 2079 752 2133 ob
786 2096 904 2133 rem
938 2078 1224 2132 minitatur
1257 2081 1410 2131 terra.
1445 2078 1630 2132 ruinas

257 2173 422 2225 quam
456 2156 618 2222 facit3
653 2155 942 2211 inclinatur
976 2154 1122 2208 enim
1157 2157 1416 2223 retroque
1450 2155 1663 2209 recellit

258 2239 317 2286 et
351 2233 546 2301 recipit
579 2232 838 2301 prolapsa
874 2248 1000 2285 suas
1034 2232 1090 2284 in
1126 2230 1372 2297 pondera
1409 2231 1586 2285 sedes,

256 2309 359 2362 hac
393 2307 565 2375 igitur
598 2308 810 2361 ratione
844 2306 1101 2361 vacillant
1136 2307 1318 2360 omnia
1351 2310 1515 2375 tecta,
1895 2321 1969 2361 575

257 2400 469 2439 summa
503 2383 677 2451 magis
712 2383 923 2451 mediis,
958 2383 1143 2437 media
1175 2383 1316 2451 imis,
1352 2383 1464 2436 ima
1497 2382 1784 2452 perhilum.
1982 2391 1989 2394 “

328 2461 431 2514 Est
464 2459 599 2513 haec
633 2458 880 2513 eiusdem
914 2476 1134 2529 quoque
1168 2460 1352 2528 magni
1387 2476 1550 2514 causa
1583 2459 1854 2526 tremoris,

259 2542 454 2593 ventus
485 2536 580 2591 ubi
615 2540 783 2607 atque
817 2537 1031 2592 animae
1067 2536 1249 2591 subito
1284 2538 1367 2591 vis
1401 2538 1639 2591 maxima
1672 2537 1940 2605 quaedam

259 2619 354 2669 aut
389 2614 729 2670 extrinsecus
764 2618 862 2669 aut
894 2615 1017 2683 ipsa
1051 2614 1252 2668 tellure
1287 2617 1474 2668 coorta

258 2694 316 2746 in
350 2693 468 2748 loca
503 2709 563 2746 se
597 2708 728 2746 cava
762 2692 931 2745 terrai
966 2690 1198 2745 coniecit
1232 2690 1421 2761 ibique
1488 2701 1500 2716 ’
1895 2702 1967 2743 580

259 2770 542 2840 speluncas
575 2769 722 2823 inter
754 2784 981 2836 magnas
1015 2766 1205 2822 fremit
1239 2771 1369 2822 ante
1402 2766 1643 2821 tumultu

256 2845 709 2913 versabundaque
743 2847 1014 2913 portatur,
1051 2847 1178 2912 post
1211 2844 1380 2898 incita
1414 2859 1539 2897 cum
1574 2844 1657 2897 vis

260 2923 540 2989 exagitata
572 2921 717 2973 foras
753 2921 1058 2987 erumpitur
1093 2923 1153 2973 ct
1189 2921 1348 2974 simul
1383 2921 1549 2973 altam

260 2995 552 3051 diffindens
587 2997 796 3050 terram
831 3012 1088 3063 magnum
1127 2998 1417 3051 concinnat
1450 2996 1676 3049 hiatum.

259 3073 318 3124 in
354 3071 510 3137 Syria
543 3069 745 3123 Sidone
779 3071 928 3138 quod
960 3071 1160 3124 accidit
1194 3076 1253 3124 ct
1286 3073 1391 3124 fuit
1427 3072 1572 3137 Aegi
1899 3085 1979 3126 585·

257 3147 313 3181 θ’*
356 3146 741 3214 Peloponneso,
776 3161 911 3212 quas
947 3147 1129 3198 exitus
1163 3147 1254 3199 hic
1288 3148 1487 3199 animai
1970 3161 1979 3172 ·
