2259 3442
342 229 438 281 aut
473 223 673 279 nebula
706 226 803 277 aut
836 224 1018 276 fumus
1033 239 1252 278 2--nam
1288 223 1448 292 longe
1485 226 1792 281 mobilitate

339 304 587 370 praestat
622 302 683 354 et
717 317 751 353 a
783 300 935 353 tenui
970 315 1134 353 causa
1168 300 1341 367 magis
1375 301 1487 355 icta
1521 306 1800 368 movetur;

317 375 540 447 (quippe
564 377 660 431 ubi
684 376 1011 444 imaginibus
1033 377 1167 430 fumi
1192 377 1532 447 nebulaeque
1557 370 1845 442 movetur.)
1977 395 2050 435 4⁴30

340 454 488 523 quod
522 457 695 522 genus'
729 454 786 507 in
823 453 1023 507 somnis
1060 453 1225 523 sopiti
1262 454 1355 506 ubi
1394 457 1665 510 cernimus
1703 455 1816 510 alte

339 531 595 584 exhalare
633 546 891 599 vaporem
927 528 1123 583 altaria
1159 530 1416 599 ferreque
1453 532 1693 598 fumum3

331 624 459 661 nam
483 608 669 675 procul
695 607 822 660 hinc
844 605 1011 659 dubio
1038 606 1196 660 nobis
1223 606 1512 661 simulacra
1532 613 1811 677 genuntur
1824 629 1909 664 :—

336 700 479 738 nunc
512 684 683 752 igitur
721 683 975 753 quoniam
1014 683 1285 753 quassatis
1320 684 1563 754 undique
1598 687 1739 740 vasis

336 759 580 815 diffluere
615 777 862 814 umorem
901 763 959 813 et
995 759 1212 815 laticem
1253 760 1534 815 discedere
1569 764 1745 817 cernis
1975 775 2048 815 435

335 841 395 891 et
428 837 628 891 nebula
664 854 727 891 ac
762 837 944 891 fumus
984 837 1235 905 quoniam
1275 837 1509 893 discedit
1541 839 1595 892 in
1633 855 1807 907 auras,

335 914 498 968 crede
536 915 770 967 animam
809 931 1027 982 quoque
1065 914 1297 968 diffundi
1336 916 1617 984 multoque
1652 915 1834 984 perire

335 991 486 1044 ocius
521 995 580 1044 et
616 990 777 1043 citius
817 990 1038 1043 dissolvi
1076 991 1136 1042 in
1173 1008 1398 1059 corpora
1434 993 1624 1060 prima,

336 1082 459 1120 cum
496 1066 662 1119 semel
702 1082 771 1119 ex
807 1066 1041 1120 hominis
1080 1066 1340 1120 membris
1379 1067 1564 1120 ablata
1599 1067 1840 1121 recessit.
1950 1132 1963 1139 κ

336 1142 539 1210 quippe
564 1141 766 1194 etenim
794 1158 1003 1210 corpus,
1034 1142 1184 1209 quod
1211 1159 1305 1196 vas
1331 1143 1484 1211 quasi
1510 1143 1759 1197 constitit
1783 1143 1917 1210 eius,
1975 1157 2049 1195 440

169 1234 501 1299 ΝΜ
538 1217 792 1270 cohibere
834 1218 1025 1286 nequit
1063 1224 1483 1287 conquassatum
1520 1236 1588 1272 ex
1624 1219 1806 1287 aliqua
1839 1234 1902 1272 re

335 1311 399 1347 ae
434 1294 760 1347 rarefactum
807 1293 1057 1348 detracto
1096 1295 1360 1363 sanguine
1398 1296 1563 1361 venis,
1782 1352 1793 1365 ¹
1887 1348 1917 1357 Α,
2194 1342 2205 1361 ,

277 1415 287 1424 .
336 1387 463 1424 acro
498 1370 590 1441 qui
634 1370 827 1424 credas
865 1386 1024 1439 posse
1061 1371 1203 1425 hanc
1239 1372 1543 1426 cohiberier
1576 1364 1740 1439 ulloh
1773 1384 1828 1430 ω
1849 1332 2259 1431 ιρὲᾆει-ΜΛΫ

335 1463 561 1515 corpore
597 1447 690 1516 qui
730 1451 919 1501 nostro
957 1464 1115 1502 rarus
1151 1449 1327 1517 magis
1362 1429 1561 1519 i0⁸quo
1596 1448 1811 1502 habitet
1846 1448 1957 1503 sit?
2044 1472 2117 1533 ἄρ

411 1524 704 1578 Praeterea.
740 1525 885 1593 gigni
913 1526 1136 1594 pariter
1172 1542 1295 1579 cum
1332 1543 1557 1595 corpore
1593 1529 1652 1580 et
1686 1542 1795 1579 una
1975 1537 2048 1577 445

336 1617 579 1654 crescere
618 1602 881 1655 scutimus
921 1602 1242 1672 pariterque
1280 1619 1560 1656 senescere
1596 1604 1853 1657 mentem.

335 1693 462 1730 nam
497 1678 648 1730 velut
685 1678 900 1730 infirmo
939 1678 1092 1747 pueri
1132 1681 1432 1747 teneroque
1466 1682 1736 1746 vagantur

334 1769 574 1820 corpore,
612 1753 689 1807 sic
726 1754 893 1807 animi
934 1754 1186 1823 sequitur
1224 1756 1496 1809 sententia
1530 1756 1723 1808 tenvis.

333 1828 465 1883 inde
499 1829 593 1883 ubi
628 1830 868 1884 robustis
909 1829 1150 1883 adolevit
1185 1830 1391 1884 viribus
1427 1833 1594 1898 aetas

336 1906 618 1959 consilium
656 1923 870 1975 quoque
907 1906 1081 1959 maius
1119 1909 1178 1959 et
1213 1906 1423 1960 auctior
1457 1909 1543 1960 ost
1578 1906 1743 1960 animi
1777 1906 1873 1960 vis,
1975 1921 2048 1960 450

335 1985 462 2050 post
496 1981 590 2034 ubi
624 1982 734 2034 iam
770 1982 967 2035 validis
1005 1985 1324 2050 quassatum
1361 1985 1447 2036 est
1481 1982 1684 2035 viribus
1718 1982 1838 2035 aevi

334 2073 531 2126 oorpus
566 2061 623 2111 et
657 2057 866 2111 obtusis
910 2058 1228 2112 ceciderunt
1265 2058 1471 2112 viribus
1507 2061 1675 2125 artus,

334 2132 605 2187 claudicat
638 2135 934 2203 ingenium,
975 2133 1177 2188 delirat
1215 2135 1413 2203 lingua,
1451 2134 1595 2187 labat
1629 2151 1800 2203 menS,

336 2211 516 2264 omnia
553 2210 814 2265 deficiunt
852 2215 1019 2280 atque
1057 2228 1166 2264 uno
1203 2215 1454 2280 tempore
1492 2211 1706 2264 desunt.

334 2303 466 2355 ergo
503 2288 727 2342 dissolui
769 2305 987 2358 quoque
1026 2288 1278 2342 convenit
1315 2305 1530 2343 omnem
1566 2286 1765 2340 animai
1971 2301 2042 2340 455

334 2368 599 2432 naturam,
637 2382 737 2418 ceu
772 2365 970 2431 fumus,
1012 2365 1069 2418 in
1107 2364 1247 2418 altas
1285 2366 1426 2419 aeris
1463 2359 1653 2430 auras}

334 2441 775 2509 quandoquidem
814 2441 963 2509 gigni
1004 2442 1215 2511 pariter
1250 2443 1568 2511 pariterque
1604 2441 1857 2494 videmus

334 2532 577 2570 crescere
613 2519 685 2584 et,
724 2523 789 2569 ut
826 2515 999 2582 docui,
1041 2516 1199 2570 simul
1240 2535 1372 2572 aevo
1407 2519 1554 2571 fossa
1587 2517 1778 2570 fatisci.

409 2592 534 2646 Huc
568 2592 785 2646 accedit
819 2593 903 2646 uti
941 2593 1239 2662 videamuS‚
1279 2610 1474 2662 corpus
1509 2596 1573 2646 ut
1608 2594 1784 2660 ipsum

334 2668 612 2736 suscipere
648 2669 880 2722 inmanis
919 2669 1139 2724 morbos
1177 2671 1486 2739 durumque
1523 2668 1781 2737 dolorem,
1970 2681 2043 2722 460

335 2745 414 2799 sic
450 2745 690 2799 animum
726 2762 883 2799 curas
925 2745 1064 2798 acris
1100 2746 1417 2813 luctumque
1454 2749 1803 2814 metumque3

336 2837 506 2889 quare
541 2822 865 2890 participem
902 2821 999 2874 leti
1039 2838 1258 2890 quoque
1298 2821 1553 2876 convenit
1588 2838 1722 2875 esse.

336 2897 469 2965 quin
504 2898 672 2951 etiam
710 2897 913 2953 morbis
949 2897 1005 2949 in
1044 2899 1285 2967 corporis
1323 2898 1472 2951 avius
1509 2905 1658 2952 errat

337 2989 500 3041 saepe
536 2973 775 3040 animus3
815 2973 1082 3026 dementit
1119 2974 1263 3026 onim
1302 2973 1585 3044 deliraque
1621 2975 1770 3029 fatur

334 3047 727 3118 interdumque
761 3049 912 3118 gravi
953 3049 1202 3116 lethargo
1238 3050 1418 3103 fertur
1452 3051 1508 3103 in
1546 3051 1714 3104 altum
1970 3063 2044 3103 465

339 3127 732 3193 aeternumque
769 3141 1018 3193 soporem
1055 3125 1222 3178 oculis
1258 3130 1503 3196 nutuque
1539 3126 1775 3191 cadenti,

340 3199 488 3254 unde
524 3216 704 3268 neque
739 3200 967 3255 exaudit
1004 3216 1165 3255 voces
1199 3217 1304 3256 nec
1336 3219 1561 3257 noscero
1596 3201 1776 3255 voltus
