2259 3442
284 93 399 151 118
1061 90 1209 147 1111

273 195 600 266 protrahere
631 196 690 249 in
721 195 901 249 lucem
934 202 1104 262 atque
1138 195 1315 248 omnis
1346 195 1623 263 inquirere
1655 196 1799 250 risus

273 276 350 340 et,
385 273 429 326 si
463 272 607 326 bello
640 272 877 325 animost
909 277 968 325 et
1002 289 1109 325 non
1145 271 1351 339 odiosa,
1384 272 1618 325 vicissim
1896 289 2000 328 nso

272 350 723 419 praetermittere
757 356 810 399 et
843 348 1094 401 humanis
1127 347 1429 402 concedere
1462 348 1641 402 rebus.

346 425 466 480 Nee
501 426 699 480 mulier
731 441 949 494 semper
986 426 1114 478 ficto
1149 425 1390 494 suspirat
1422 442 1609 478 amore

275 519 417 572 quae
449 502 717 572 conplexa
749 501 852 556 viri
884 518 1083 570 corpus
1115 517 1243 554 cum
1277 517 1505 568 corpore
1538 501 1717 569 iungit

276 583 336 633 ct
370 583 526 633 tenet
559 578 804 632 adsuctis
833 584 1118 631 umectans
1151 577 1335 631 osenla
1369 576 1551 631 labris

276 672 404 708 nam
437 654 574 709 facit
607 672 677 709 ex
711 655 895 708 animo
927 671 1093 724 saepe
1125 659 1187 708 et
1218 654 1525 707 communia
1558 671 1826 724 quaerens
1896 669 1998 710 11⁹5

275 731 480 799 gaudia
513 731 772 785 sollicitat
806 732 1044 800 spatium
1078 731 1374 785 decurrere
1406 732 1624 784 amoris,

276 824 379 861 nec
411 808 625 861 ratione
657 807 766 860 alia
799 807 1045 861 volucres
1077 812 1329 860 armenta
1359 807 1622 876 feraeque

277 890 338 937 et
371 883 613 953 pecudes
645 887 706 938 et
738 899 914 952 equae
947 883 1192 936 maribus
1225 883 1512 936 subsidere
1544 887 1785 951 possent,

276 960 324 1013 si
354 977 479 1027 non,
512 960 630 1030 ipss
664 961 811 1029 quod
844 960 1060 1013 illarum
1094 959 1259 1013 subat
1290 958 1454 1013 ardet
1487 960 1772 1014 abundans

277 1042 476 1091 natura
508 1044 570 1092 et
604 1038 877 1092 Venerem
912 1037 1203 1090 salientum
1237 1036 1384 1090 lacta
1415 1041 1696 1091 retractat,
1894 1048 1996 1089 120⁰

275 1131 454 1168 nonne
486 1115 641 1169 vides
673 1116 842 1168 etiam
875 1130 1014 1183 quos
1045 1117 1237 1166 mutua
1271 1129 1435 1182 saepe
1468 1114 1718 1182 voluptas

276 1190 466 1259 vinxit,
498 1196 566 1247 ut
597 1193 654 1245 in
686 1191 882 1245 vinclis
914 1189 1291 1244 communibus
1324 1190 1742 1244 excrucientur!

277 1269 334 1321 in
367 1268 545 1322 triviis
579 1286 742 1336 quam
779 1284 945 1336 saepe
978 1284 1157 1331 canes,
1191 1266 1478 1319 discedere
1511 1267 1736 1331 aventis,

177 1359 264 1392 1810
280 1342 482 1396 divorsi
516 1343 716 1411 cupide
750 1343 976 1395 summis
1010 1359 1079 1395 ex
1117 1341 1310 1394 viribu’
1341 1342 1591 1406 tendunt,

178 1443 265 1475 12⁰4
280 1435 441 1488 quom
467 1420 679 1472 interea
701 1417 894 1471 validis
921 1418 1154 1470 Veneris
1176 1418 1525 1486 compagibus
1547 1417 1804 1472 haerent!
1894 1431 1993 1470 12⁰5

281 1494 431 1564 quod
463 1495 709 1547 facerent
742 1509 1040 1561 numquam
1074 1494 1178 1547 nisi
1215 1498 1405 1547 mutua
1436 1493 1641 1561 gaudia
1674 1499 1897 1547 nossent

282 1587 424 1639 quae
457 1570 637 1623 iacere
670 1569 728 1622 in
761 1568 1011 1622 fraudem
1045 1575 1275 1637 possent
1309 1569 1623 1638 vinctosque
1657 1573 1861 1623 tenere.

282 1662 453 1715 quare
474 1645 643 1699 etiam
663 1649 832 1713 atque
857 1645 1039 1712 etiam,
1064 1650 1129 1699 ut
1153 1644 1289 1710 dice,
1312 1650 1402 1699 est
1425 1646 1711 1699 eommuni’
1730 1645 1990 1714 voluptas.

351 1723 426 1777 Et
458 1721 857 1776 commiscendo
891 1739 1055 1789 quom
1093 1723 1301 1775 semine
1334 1722 1479 1775 forte
1514 1722 1656 1775 virili

179 1813 265 1846 1²⁰⁹
281 1799 481 1854 femina
513 1799 623 1852 vim
658 1799 790 1852 vicit
824 1797 1005 1851 subita
1039 1799 1092 1851 vi
1125 1797 1516 1866 corripuitque,
1892 1810 1992 1851 1210

280 1880 399 1930 tum
435 1876 638 1929 similes
670 1879 908 1928 matrum
944 1878 1192 1928 materno
1227 1874 1434 1928 semine
1468 1874 1623 1941 fiunt,

279 1956 344 2006 ut
377 1951 626 2021 patribus
660 1952 851 2020 patrio.
888 1951 988 2004 sed
1024 1968 1160 2018 quos
1194 1951 1482 2017 utriusque
1515 1950 1722 2016 figurae

281 2045 401 2082 esse
435 2028 602 2093 videS,
636 2027 835 2080 iuxtim
868 2028 1160 2081 miscentes
1193 2026 1347 2079 vulta
1379 2031 1688 2095 parentum,

280 2120 507 2173 corpore
542 2104 614 2157 de
647 2102 826 2172 patrio
861 2106 922 2157 et
953 2107 1204 2156 materno
1239 2103 1502 2169 sanguine
1535 2105 1802 2168 crescunt,

280 2181 486 2233 semina
519 2196 641 2232 eum
681 2179 913 2232 Veneris
945 2178 1180 2232 stimulis
1212 2178 1395 2231 exeita
1425 2194 1528 2247 per
1560 2180 1714 2231 artus
1895 2192 1992 2231 1215

280 2256 440 2310 obvia
473 2254 717 2309 conflixit
750 2255 1062 2324 conspirans
1094 2257 1320 2307 mutuus
1352 2254 1533 2319 ardor,

280 2335 340 2384 et
372 2347 554 2398 neque
587 2334 774 2383 utrum
809 2330 1086 2397 superavit
1123 2346 1315 2383 eorum
1349 2347 1450 2384 nee
1485 2332 1875 2399 superatumst.

282 2408 346 2460 fit
381 2422 600 2475 quoque
633 2407 700 2457 ut
731 2404 1010 2458 interdum
1044 2405 1252 2458 similes
1285 2406 1526 2460 existere
1558 2422 1781 2459 avorum

280 2483 492 2552 possint
525 2488 584 2535 et
618 2482 863 2534 referant
896 2497 1222 2549 proavorum
1258 2498 1422 2550 saepe
1457 2482 1659 2550 figuras

280 2562 575 2629 propterea
609 2557 738 2626 quia
770 2557 944 2611 multa
976 2557 1154 2610 modis
1187 2558 1488 2626 primordia
1519 2557 1707 2611 multis
1897 2570 1994 2610 1220

281 2637 453 2694 mixta
486 2651 585 2689 suo
618 2634 800 2688 celant
832 2633 889 2687 111
924 2651 1154 2703 corpore
1189 2651 1352 2702 saepe
1386 2635 1646 2703 parentis,

281 2729 422 2780 quae
456 2711 708 2780 patribus
740 2716 929 2780 patres
963 2711 1194 2765 tradunt
1228 2710 1299 2763 ab
1335 2711 1506 2778 stirpe
1540 2709 1820 2779 profecta3

282 2787 410 2840 inde
446 2787 633 2840 Venus
669 2788 817 2841 varia
850 2787 1106 2856 producit
1142 2792 1293 2840 sorte
1326 2786 1532 2852 figuras

283 2863 655 2929 maiorumque
690 2862 862 2916 refert
897 2863 1075 2916 voltus
1109 2878 1379 2929 vocesque
1411 2877 1733 2929 comasque:

282 2934 722 3004 quandoquidem
756 2937 866 2991 nilo
900 2938 1074 3004 magis
1110 2936 1246 2990 haee
1281 2938 1348 2990 de
1382 2940 1588 2990 semine
1623 2942 1775 2990 certo
1899 2950 1995 2991 1225

281 3012 419 3063 fiunt
455 3026 619 3077 quam
651 3011 819 3064 facies
853 3015 914 3066 et
947 3029 1178 3079 corpora
1210 3011 1567 3080 membraque
1603 3011 1775 3075 nobis,

282 3093 343 3139 et
375 3083 641 3137 muliebre
675 3087 849 3140 oritur
882 3090 1061 3155 patrio
1098 3086 1171 3140 de
1205 3087 1411 3139 semine
1446 3088 1686 3142 saeelum

283 3164 639 3226 maternoque
673 3175 853 3213 mares
887 3163 1132 3216 existunt
1166 3179 1392 3229 corpore
1427 3163 1583 3217 creti.
