2259 3442
1151 127 1211 181 V
1932 129 2040 186 151

343 249 445 303 per
478 232 687 287 caelum
721 232 864 287 volvi
900 231 1032 302 quia
1063 246 1172 284 nox
1210 233 1268 284 et
1302 230 1431 283 luna
1464 230 1702 300 videtur,

343 312 472 365 luna
507 310 623 364 dies
659 313 718 365 et
750 327 860 363 nox
894 314 952 364 ct
986 308 1164 362 noctis
1202 308 1356 375 signa
1391 324 1582 361 severa
1953 324 2049 364 1190

345 388 769 455 noctivagaeque
804 386 951 440 faces
986 385 1123 439 caeli
1159 384 1521 454 flammaeque
1556 385 1818 455 volantes,

345 465 530 518 nubila
564 463 644 517 sol
680 462 883 516 imbres
918 462 1013 515 nix
1046 462 1200 515 venti
1232 461 1460 525 fulmina
1491 462 1703 530 grando

346 547 405 596 et
440 541 617 612 rapidi
650 540 901 594 fremitus
935 543 994 593 et
1029 555 1310 593 murmura
1343 556 1541 608 magna
1574 539 1860 593 minarum.

417 619 462 671 O
498 635 672 687 genus
705 617 895 672 infelix
929 617 1242 685 humanum,
1276 616 1410 670 talia
1445 616 1585 670 divis

344 712 466 749 cum
503 695 698 761 tribuit
732 695 878 749 facta
912 699 1080 763 atque
1112 693 1223 746 iras
1257 693 1509 747 adiunxit
1543 692 1799 764 acerbas!
1954 706 2050 746 1195

345 775 576 841 quantos
611 776 729 827 tum
766 772 1005 840 gemitus
1040 770 1147 840 ipsi
1183 769 1302 838 sibi,
1339 773 1649 839 quantaque
1685 769 1842 823 nobis

344 849 579 918 volnera„
616 864 751 918 quas
786 848 1036 902 lacrimas
1070 863 1338 916 peperere
1372 846 1655 899 minoribu'
1692 845 1921 901 nostris!

343 942 445 980 nec
479 917 672 996 pietas
692 925 860 978 ullast
894 924 1136 978 velatum
1174 940 1336 991 saepe
1373 923 1549 976 videri

343 1003 548 1056 vertier
583 1000 655 1054 ad
689 1000 927 1068 lapidem
963 1002 1130 1067 atque
1167 999 1339 1051 omnis
1377 998 1640 1051 accedere
1677 997 1749 1051 ad
1785 1014 1908 1051 aras

343 1093 443 1130 nec
462 1075 818 1145 procumbere
834 1076 984 1128 humi
1001 1077 1339 1143 prostratum
1359 1077 1417 1127 et
1435 1073 1677 1142 pandere
1695 1074 1902 1141 palmas
1954 1086 2050 1126 1200

342 1156 473 1206 ante
509 1152 674 1205 deum
709 1151 938 1205 delubra
971 1167 1071 1204 nec
1107 1166 1231 1203 aras
1268 1150 1528 1218 sanguine
1564 1150 1738 1202 multo

344 1245 602 1297 spargere
639 1227 1055 1297 quadrupedum
1091 1244 1193 1281 nec
1228 1227 1371 1280 votis
1405 1228 1627 1279 nectere
1662 1228 1805 1292 vota,

342 1305 442 1359 sed
476 1321 635 1373 mage
671 1307 867 1373 pacata
901 1319 1062 1373 posse
1099 1303 1281 1356 omnia
1316 1305 1503 1356 mente
1542 1301 1703 1356 tueri.

342 1398 469 1435 nam
504 1397 627 1436 cum
664 1382 984 1450 suspicimus
1019 1380 1204 1448 magni
1240 1379 1498 1434 caelestia
1532 1379 1724 1434 mundi

342 1459 565 1527 templa,
589 1474 756 1528 super
778 1457 1058 1526 stellisque
1082 1457 1410 1511 micantibus
1434 1456 1662 1510 aethera
1687 1455 1872 1524 fixum,
1951 1468 2049 1508 1205

342 1537 403 1588 et
437 1536 588 1604 veuit
623 1535 679 1589 in
716 1538 957 1589 mentem
994 1534 1119 1587 solis
1155 1533 1426 1603 lunaeque
1460 1533 1688 1601 viarum,

341 1615 473 1666 tunc
509 1612 630 1666 aliis
665 1628 925 1682 oppressa
958 1611 1117 1664 malis
1155 1610 1210 1663 in
1247 1614 1471 1680 pectora
1506 1627 1638 1664 cura

340 1686 436 1740 illa
469 1705 687 1756 quoque
723 1688 1167 1756 expergefactum
1205 1690 1372 1756 caput
1408 1686 1622 1755 erigere
1658 1687 1796 1755 infit,

340 1778 552 1831 nequae
586 1764 731 1817 forte
768 1762 932 1816 deum
968 1762 1126 1815 nobis
1162 1763 1407 1816 inmensa
1441 1766 1688 1830 potestas

342 1839 429 1905 sit,
467 1839 614 1891 vario
649 1841 804 1890 motu
840 1853 983 1905 quae
1018 1837 1252 1891 candida
1288 1838 1471 1890 sidera
1506 1842 1702 1890 verset.
1953 1851 2048 1913 1212

341 1917 580 1982 temptat
615 1913 759 1966 enim
795 1912 1019 1966 dubiam
1056 1916 1297 1966 mentem
1333 1913 1558 1965 rationis
1593 1915 1826 1979 cgestaS,

338 2006 674 2059 ecquaenam
707 1988 875 2042 fuerit
912 1989 1099 2042 mundi
1135 1988 1391 2056 genitalis
1427 1988 1593 2056 erige,

340 2070 400 2120 et
435 2066 596 2120 simul
632 2082 836 2133 ecquae
872 2064 943 2119 sit
978 2064 1118 2133 finis,
1155 2064 1338 2134 quoad
1371 2064 1587 2117 moenia
1621 2062 1811 2116 mundi

337 2142 557 2196 solliciti
592 2145 773 2195 motus
809 2141 951 2196 hunc
986 2140 1199 2211 possint
1234 2142 1380 2195 ferre
1416 2140 1675 2206 laborem,

339 2236 410 2273 an
447 2218 708 2272 divinitus
743 2221 968 2271 aeterna
1005 2218 1208 2271 donata
1243 2217 1421 2270 salute
1949 2228 2043 2267 1215

338 2300 605 2365 perpetuo
641 2295 857 2365 possint
892 2294 1012 2347 aevi
1047 2294 1288 2348 labentia
1323 2295 1507 2348 tractu

338 2372 569 2427 inmensi
602 2371 810 2425 validas
845 2372 965 2425 aevi
1001 2375 1351 2425 contemnere
1387 2369 1534 2423 viris,

336 2452 625 2518 praeterea
661 2448 747 2501 cui
782 2463 890 2501 non
926 2448 1138 2501 animus
1172 2446 1463 2501 formidine
1500 2445 1686 2499 divum

338 2524 691 2588 contrahitur,
728 2523 816 2576 cui
849 2540 957 2576 non
992 2526 1288 2591 correpunt
1322 2522 1569 2576 membra
1602 2536 1820 2590 pavore,

335 2600 574 2653 fulminis
607 2598 855 2652 horribili
890 2615 1013 2652 cum
1049 2599 1212 2667 plaga
1244 2598 1456 2652 torrida
1490 2597 1654 2650 tellus
1945 2610 2040 2650 1220

335 2675 632 2732 contremit
667 2677 726 2728 et
760 2691 1018 2742 magnum
1052 2677 1381 2743 percurrunt
1416 2689 1695 2726 murmura
1729 2671 1937 2726 caelum
1951 2673 1971 2726 'l

337 2768 446 2805 11011
481 2749 667 2821 populi
702 2753 1000 2818 gentesque
1036 2753 1295 2818 tremunt,
1329 2765 1596 2817 regesque
1631 2748 1851 2817 superbi

337 2828 643 2897 corripiunt
679 2827 863 2880 divum
898 2827 1142 2896 percussi
1178 2826 1424 2881 membra
1459 2825 1671 2891 timore,

336 2904 541 2972 nequid
576 2905 646 2958 ob
683 2902 982 2956 admissum
1017 2903 1177 2957 foede
1212 2902 1490 2957 dictumve
1526 2901 1762 2971 superbe

336 2996 635 3048 poenarum
670 2996 837 3048 grave
873 2978 946 3032 sit
982 2978 1229 3032 solvendi
1262 2983 1482 3048 tempus
1516 2977 1801 3032 adultum?
1828 3045 1835 3048 ι
1942 2990 2035 3029 1225

337 3072 550 3110 summa
584 3057 749 3110 etiam
784 3070 907 3108 cum
941 3054 1025 3108 vis
1059 3055 1284 3108 violenti
1319 3072 1419 3123 per
1453 3071 1606 3107 mare
1643 3054 1792 3107 venti

333 3132 777 3201 induperatorem
812 3131 1000 3185 classis
1036 3147 1201 3199 super
1235 3148 1471 3199 aequora
1503 3130 1675 3185 verrit

281 3239 286 3246 ·
336 3225 462 3265 cum
497 3209 691 3263 validis
725 3209 933 3280 pariter
966 3207 1272 3278 legionibus
1306 3211 1475 3277 atquc
1510 3206 1834 3276 elephantis,
