2259 3442
233 105 348 167 122
1047 103 1106 158 V

226 208 429 279 quidve
461 208 766 277 tripectora
799 206 1089 274 tergemini
1123 206 1207 260 vis
1242 207 1513 275 Geryonai

160 379 202 410 ao
227 365 385 423 tanto
419 377 585 430 opere
621 360 899 414 officerent
932 358 1086 413 nobis
1122 359 1443 428 Stymphala
1475 360 1733 427 colentes,

158 452 202 486 ⁸⁹
226 443 287 495 et
326 436 606 491 Diomedis
641 437 766 505 equi
800 437 1070 506 spirantes
1105 435 1329 488 naribus
1363 437 1543 503 ignem
1876 451 1928 489 3ο

227 513 452 573 Thracis
486 512 869 581 Bistoniasque
904 512 1093 582 plagas
1127 515 1293 578 atque
1331 512 1546 569 Ismara
1578 515 1838 582 propter?

225 607 499 660 aureaque
535 587 908 657 Hesperidum
942 604 1166 641 servans
1200 588 1466 656 fulgentia
1497 589 1654 656 mala,

225 683 401 736 asper,
436 665 633 720 acerba
667 668 840 727 tuens,
876 664 1098 717 immani
1134 680 1361 733 corpore
1397 682 1621 733 serpens

226 742 437 799 arboris
471 742 754 810 amplexus
791 741 1023 809 stirpem
1058 740 1194 809 quid
1230 740 1463 809 denique
1499 741 1719 796 obesset

224 822 451 889 propter
488 818 808 872 Atlanteum
842 817 973 870 litus
1008 817 1307 886 pelagoque
1343 835 1547 884 severa,
1874 834 1926 872 35

226 912 334 966 quo
366 911 542 964 neque
575 898 763 948 noster
796 894 915 948 adit
949 893 1234 963 quisquam
1268 911 1368 948 nec
1404 894 1672 948 barbarus
1702 893 1906 948 audet?

226 974 411 1028 cetera
446 971 516 1025 de
552 976 772 1039 genere
787 970 891 1024 hoc
927 986 1067 1038 quae
1103 973 1231 1023 sunt
1265 975 1519 1038 portenta
1552 974 1855 1040 perempta,

226 1048 306 1103 sei
340 1064 449 1102 non
482 1049 627 1103 victa
659 1047 856 1112 forent,
891 1046 1027 1115 quid
1060 1046 1286 1101 tandem
1323 1047 1446 1100 viva
1479 1050 1740 1101 nocerent
1756 1048 1776 1102 ’ἰ

224 1125 318 1191 nil,
351 1128 416 1179 ut
454 1125 673 1194 opinor:
710 1124 789 1178 ita
822 1123 895 1176 ad
931 1123 1186 1176 satiatem
1221 1125 1373 1176 terra
1406 1122 1645 1177 ferarum

226 1217 369 1255 nunc
403 1202 568 1255 etiam
604 1201 769 1254 scatit
805 1204 863 1253 et
898 1198 1118 1274 trepido
1152 1202 1366 1253 terrore
1401 1200 1613 1268 repleta
1645 1204 1732 1254 est
1873 1214 1927 1261 40

227 1293 329 1346 per
361 1294 586 1330 nemora
618 1294 681 1330 ac
716 1280 929 1330 montes
963 1292 1189 1343 magnos
1223 1275 1494 1344 silvasque
1528 1277 1854 1346 profundas3

228 1370 369 1421 quae
402 1354 522 1407 loca
554 1354 763 1407 vitandi
797 1353 1120 1421 plerumque
1155 1355 1243 1406 est
1275 1356 1465 1406 nostra
1495 1357 1752 1422 potestas.

228 1433 291 1484 at
324 1430 425 1482 nisi
458 1433 805 1497 purgatumst
840 1432 1049 1500 pectuS,
1083 1445 1226 1497 quae
1258 1429 1466 1498 proelia
1499 1430 1652 1482 nobis

229 1510 397 1574 atque
428 1505 669 1574 pericula
704 1508 880 1558 tumst
915 1504 1145 1573 ingratis
1178 1505 1590 1559 insinuandum!

228 1586 466 1652 quantae
500 1585 618 1635 tum
654 1581 909 1635 scindunt
944 1580 1217 1637 hominem
1251 1583 1570 1652 cuppedinis
1601 1600 1756 1637 acres
1873 1599 1925 1636 ⁴55

229 1660 514 1714 sollicitum
549 1675 710 1712 curae
745 1658 1041 1727 quantique
1075 1658 1307 1726 perinde
1340 1659 1590 1714 timores!

227 1735 429 1804 quidve
462 1734 720 1804 superbia
752 1733 1012 1804 spurcitia
1047 1751 1110 1788 ac
1147 1734 1482 1804 petulantia?
1519 1739 1752 1805 quantas

228 1812 469 1866 efficiunt
503 1810 712 1866 clades!
752 1811 885 1880 quid
918 1811 1078 1864 luxus
1114 1811 1496 1880 desidiaeque?

228 1889 362 1943 haec
396 1888 566 1957 igitur
602 1887 696 1957 qui
730 1892 926 1942 cuncta
961 1887 1242 1954 subegerit
1276 1903 1344 1940 ex
1379 1889 1664 1957 animoque

228 1965 502 2034 expulerit
536 1964 713 2031 dictis,
749 1981 857 2017 non
891 1964 1072 2028 armis,
1109 1980 1287 2017 nonne
1322 1964 1542 2018 decebit
1875 1978 1927 2017 50

226 2042 370 2096 hunc
404 2041 676 2095 hominem
711 2057 939 2094 numero
973 2040 1155 2093 divom
1192 2038 1469 2107 dignarier
1503 2042 1660 2095 esse?

228 2136 351 2172 cum
386 2117 527 2172 bene
562 2118 884 2186 praesertim
917 2117 1092 2170 multa
1127 2133 1190 2171 ac
1228 2116 1486 2171 divinitus
1521 2119 1655 2187 ipsis

226 2194 609 2248 immortalibu'
647 2194 719 2247 de
753 2194 892 2248 divis
927 2194 1060 2247 dare
1096 2193 1247 2247 dicta
1284 2194 1457 2247 suerit
1720 2191 1729 2200 '

227 2275 393 2341 atque
428 2288 641 2325 omnem
676 2288 860 2324 rerum
894 2274 1148 2324 naturam
1181 2270 1426 2339 pandere
1465 2270 1639 2324 dictis.

299 2348 465 2402 Cuius
500 2364 602 2416 ego
638 2340 917 2415 ingressus
950 2347 1183 2415 vestigia
1218 2346 1350 2399 dum
1385 2347 1626 2400 rationes
1877 2361 1928 2399 55

226 2441 528 2494 persequor
562 2441 625 2477 ac
662 2423 830 2476 doceo
867 2422 1043 2490 dictis,
1079 2439 1187 2491 quo
1222 2439 1472 2493 quaeque
1506 2427 1694 2477 creata
1820 2416 1843 2439 ·“’

225 2502 448 2555 foedere
483 2500 607 2568 sint,
641 2500 698 2553 in
734 2515 798 2552 eo
834 2515 995 2568 quam
1033 2499 1104 2552 sit
1142 2500 1340 2552 durare
1376 2516 1661 2554 necessum

227 2595 329 2632 nec
364 2578 568 2632 validas
602 2576 819 2630 valeant
854 2576 972 2629 aevi
1008 2576 1321 2629 rescindere
1355 2575 1520 2645 leges,

227 2671 336 2723 quo
369 2671 569 2723 genere
602 2654 659 2707 in
694 2653 884 2722 primis
921 2653 1084 2706 animi
1120 2657 1316 2706 natura
1351 2657 1576 2722 reperta
1608 2653 1697 2705 est

226 2732 408 2785 nativo
440 2734 677 2801 primum
713 2732 1008 2785 consistere
1044 2746 1270 2799 corpore
1303 2732 1456 2783 creta
1875 2741 1928 2781 oo

227 2823 328 2860 nec
361 2824 520 2875 posse
554 2808 837 2861 incolumis
871 2824 1127 2876 magnum
1166 2807 1365 2858 durare
1400 2821 1502 2874 per
1535 2820 1742 2871 aevom,

227 2882 327 2935 sed
363 2882 646 2935 simulacra
682 2883 854 2938 solere
887 2884 943 2936 in
981 2883 1182 2936 somnis
1216 2879 1404 2934 fallere
1439 2883 1696 2949 mentem,

226 2973 452 3010 cernere
486 2973 610 3011 cum
645 2958 926 3012 videamur
961 2976 1086 3013 eum
1123 2975 1286 3027 quem
1321 2958 1436 3011 vita
1469 2956 1706 3024 reliquit,

227 3031 374 3099 quod
410 3035 674 3100 superest,
708 3050 851 3087 nunc
884 3035 992 3088 huc
1026 3032 1255 3089 rationis
1292 3033 1491 3086 detulit
1528 3032 1678 3099 ordo,

225 3111 291 3161 ut
322 3107 457 3160 mihi
489 3107 709 3161 mortali
743 3111 1038 3164 consistere
1075 3125 1302 3178 corpore
1336 3108 1600 3161 mundum
1876 3122 1928 3159 οὗ

227 3183 573 3252 nativomque
608 3183 762 3236 simul
801 3187 941 3237 rati.»
976 3184 1267 3237 reddunda
1301 3183 1374 3236 sit
1409 3199 1558 3242 csse;
1667 3187 1679 3200 ⁸

2234 926 2256 1041 εᾼῑμ
2246 332 2256 831 --..-.-..--
2231 174 2256 236 ΙΝ

2238 1052 2256 2511 *Q
