2259 3442
1082 90 1175 147 VI
1871 46 1972 153 17}

271 198 488 253 tollitur
523 197 582 251 in
615 196 800 260 nubis„
827 212 936 265 quo
969 211 1094 250 cum
1129 194 1270 249 bene
1305 195 1513 249 semina
1546 213 1811 265 aquarum

271 273 447 329 multa
488 272 665 327 modis
700 272 886 327 multis
921 287 1225 326 convenere
1258 271 1507 341 undique
1541 272 1792 339 adaucta,

270 350 553 405 confertae
588 348 763 406 nubes
797 364 1058 402 umorem
1093 349 1320 402 mittere
1355 351 1573 403 certant

272 425 599 496 dupliciter3
635 441 763 478 nam
798 425 880 478 vis
915 424 1066 478 venti
1101 424 1386 479 contrudit
1419 428 1479 479 et
1512 425 1633 494 ipsa
1917 440 1989 480 51o

272 503 428 573 copia
462 502 770 558 nimborum
809 500 975 554 turba
1008 501 1214 555 maiore
1248 505 1438 556 coacta

270 582 449 647 urget,
488 578 559 632 de
595 594 793 648 supero
829 578 1033 648 premit
1068 594 1134 631 ac
1167 578 1302 633 facit
1335 579 1556 634 effluere
1589 581 1792 635 imbris.
1872 601 1877 606 ·

272 659 563 725 praeterea
597 673 722 710 cum
759 657 1044 708 rarescunt
1079 671 1302 724 quoque
1336 654 1525 709 nubila
1559 658 1737 711 ventis

270 736 370 786 aut
405 731 791 798 dissolvuntur,
830 729 959 785 solis
996 747 1163 801 super
1197 732 1311 785 icta
1345 731 1539 801 calore,

272 809 504 863 mittunt
538 825 785 863 umorem
822 807 1067 878 pluvium
1106 807 1445 877 stillantque,
1481 809 1636 878 quasi
1670 809 1786 877 igni
1917 824 1990 865 515

268 902 396 939 cera.
430 902 597 955 super
632 877 808 939 calido
856 884 1147 938 tabescens
1182 884 1356 938 multa
1390 884 1676 953 liquescat.
1760 899 1779 908 ·

270 962 372 1015 sed
404 978 627 1030 vemens
662 961 841 1015 imber
887 961 969 1027 fit,
1006 959 1102 1013 ubi
1138 963 1423 1014 vementer
1457 964 1694 1029 utraque

267 1037 455 1092 nubila
490 1038 543 1091 vi
577 1037 855 1092 cumulata
899 1039 1228 1105 premuntur
1263 1039 1322 1089 et
1356 1036 1565 1105 impete
1598 1037 1765 1093 venti.

269 1117 439 1184 atque
472 1118 665 1167 tenere
701 1113 799 1167 diu
836 1112 1055 1183 pluviae
1091 1111 1423 1181 longumque
1457 1114 1660 1167 morari

268 1193 615 1259 consuerunt,
649 1189 748 1243 ubi
783 1188 963 1243 multa
999 1189 1216 1242 cientur
1251 1189 1462 1242 semina
1495 1206 1760 1259 aquarum
1916 1206 1991 1246 52«)

268 1270 437 1336 atque
471 1267 593 1320 aliis
627 1267 766 1321 aliae
806 1264 981 1319 nubes
1016 1264 1299 1334 nimbique
1335 1265 1582 1333 rigantes

268 1344 697 1416 insuperUatque
733 1343 879 1397 omni
915 1342 1081 1410 vulgo
1117 1342 1190 1395 de
1225 1345 1387 1411 parte
1422 1343 1689 1407 feruntur,

270 1423 530 1489 terraque
566 1438 689 1475 eum
725 1421 941 1473 fumans
976 1435 1227 1472 umorem
1260 1421 1384 1473 tota
1418 1418 1689 1474 redhalat.

267 1496 357 1550 hic
390 1497 484 1551 ubi
523 1497 603 1551 sol
637 1496 810 1550 radiis
845 1498 1238 1563 tempestatem
1274 1496 1423 1549 inter
1457 1511 1681 1566 opacam

273 1573 504 1627 adversa
538 1574 696 1628 fulsit
727 1571 1035 1626 nimbormn
1071 1572 1360 1641 aspargine
1395 1575 1602 1640 contra,
1915 1590 1989 1628 525

272 1654 392 1703 tum
428 1650 575 1704 color
609 1650 666 1704 in
702 1650 869 1718 nigris
905 1649 1096 1702 existit
1131 1648 1368 1703 nubibus
1403 1648 1575 1718 arqui.

343 1726 544 1781 Cetera
578 1743 719 1796 quae
759 1742 970 1779 sorsum
1007 1728 1264 1779 crescunt
1298 1741 1618 1793 sorsumque
1655 1730 1927 1796 creantur,

272 1805 333 1856 et
368 1819 510 1871 quae
545 1804 900 1857 concrescunt
933 1802 991 1854 in
1025 1800 1280 1868 nubibus,
1317 1802 1512 1867 omnia,
1549 1819 1802 1871 prorsum

273 1879 467 1946 omnia,
503 1878 598 1931 nix
634 1878 783 1932 venti
817 1876 1031 1945 grando
1064 1876 1392 1944 gelidaeque
1426 1877 1656 1946 pruinae

274 1965 334 2009 et
366 1956 449 2010 vis
483 1971 681 2023 magna
714 1954 840 2022 geli,
876 1969 1138 2021 magnum
1175 1952 1441 2006 duramen
1475 1969 1754 2021 aquarum,
1917 1972 1992 2010 530

275 2035 335 2085 et
368 2048 523 2085 mora
557 2047 698 2100 quae
732 2030 926 2084 fluvios
960 2029 1165 2099 passim
1201 2029 1448 2082 refrenat
1484 2030 1680 2096 euntis,
1753 2023 1760 2028 ⁴

273 2108 589 2177 perfacilest
623 2110 810 2161 tamen
844 2106 978 2159 haec
1014 2105 1262 2174 reperire
1295 2104 1586 2173 animoque
1619 2106 1807 2161 videre

275 2184 456 2237 omnia
488 2200 599 2252 quo
632 2187 796 2252 paeto
831 2182 969 2235 fiant
1004 2198 1245 2251 quareve
1280 2184 1551 2248 creentur,

274 2276 398 2313 cum
431 2260 572 2315 bene
609 2260 857 2328 cognoris
892 2258 1181 2313 elementis
1215 2257 1438 2311 reddita
1472 2274 1612 2327 quae
1647 2258 1772 2314 sint.

344 2336 397 2389 N
399 2353 505 2389 unc
539 2353 643 2405 age
678 2352 819 2406 quae
854 2335 995 2390 ratio
1029 2334 1201 2388 terrai
1235 2333 1475 2388 motibus
1509 2337 1665 2390 extet
1904 2344 1982 2386 535

275 2413 512 2483 percipe.
550 2416 609 2467 et
641 2413 700 2466 in
733 2413 925 2482 primis
960 2416 1169 2467 terram
1202 2410 1291 2464 fac
1326 2413 1390 2464 ut
1424 2426 1547 2465 esse
1579 2412 1754 2466 rearis

278 2492 470 2559 supter
503 2489 639 2543 item
674 2492 739 2543 ut
776 2506 976 2558 supera
1009 2487 1252 2542 ventosis
1285 2486 1531 2555 undique
1563 2488 1782 2556 plenam

279 2565 549 2635 speluncis
583 2565 895 2634 multosque
929 2564 1077 2618 lacus
1113 2563 1425 2630 multasque
1460 2563 1686 2617 lucunas

276 2643 335 2696 in
370 2643 578 2710 gremio
611 2658 805 2709 gerere
839 2643 898 2695 et
933 2657 1101 2710 rupes
1138 2640 1480 2708 deruptaque
1515 2654 1648 2693 saxa
1660 2660 1676 2703 3

279 2718 561 2787 multaque
597 2717 700 2772 sub
733 2721 895 2786 tergo
928 2718 1099 2772 terrai
1135 2716 1359 2770 flumina
1394 2718 1546 2769 tecta
1918 2731 1993 2771 ⁶40

280 2795 497 2849 volvere
532 2795 585 2848 vi
619 2795 819 2849 fluctus
854 2811 1264 2861 summersaque
1299 2809 1430 2847 saxa
1463 2790 1833 2859 putandumst.

280 2871 523 2941 undique
558 2873 706 2926 enim
742 2872 972 2926 similem
1008 2888 1131 2925 esse
1167 2872 1251 2924 sui
1286 2887 1375 2924 res
1409 2867 1653 2937 postulat
1685 2868 1822 2936 ipsa.

203 2995 214 3005 .
280 2948 368 3001 his
402 2949 571 3016 igitur
604 2948 770 3003 rebus
806 2947 1109 3002 subiunctis
1145 2947 1548 3017 suppositisque

282 3028 437 3079 terra
471 3041 708 3095 superne
743 3025 933 3080 tremit
966 3023 1180 3091 magnis
1217 3038 1474 3077 concussa
1508 3020 1694 3088 ruinis,

283 3099 477 3155 subter
507 3101 604 3155 ubi
638 3102 877 3171 ingentis
911 3099 1198 3170 speluncas
1233 3098 1448 3153 subruit
1482 3100 1667 3164 aetas3
1921 3112 1995 3150 545

283 3177 488 3247 quippe
521 3179 727 3234 cadunt
760 3178 868 3234 toti
901 3179 1115 3231 montes
1150 3192 1454 3246 magnoque
1491 3178 1716 3236 repente
