2259 3442
1136 110 1198 166 V
1919 110 2031 168 133

327 215 404 269 310
443 216 613 283 igitur
648 219 768 271 tum
806 234 865 271 30
900 217 1034 271 levis
1069 233 1134 271 ae
1170 215 1422 269 diffiisilis
1458 216 1652 270 aether

327 309 555 360 corpore
592 296 845 346 concreto
882 293 1254 347 circumdatus
1290 292 1533 361 undique
1553 291 1725 357 flexit

327 371 385 421 et
419 368 531 422 late
571 368 795 422 diffusus
831 370 888 421 in
925 371 1097 423 omnis
1132 370 1375 439 undique
1412 369 1586 437 partis

328 446 506 498 omnia
543 446 620 499 310
658 446 816 499 avido
853 446 1143 515 complexu
1179 450 1364 501 cetera
1401 445 1618 514 saepsit.
1961 459 2035 500 470

325 521 470 575 hunc
511 522 735 576 exordia
772 527 899 576 sunt
935 522 1063 576 solis
1099 524 1365 592 lunaeque
1402 525 1603 589 secuta,

325 598 707 669 interutraque
742 598 891 667 globi
928 615 1159 667 quorum
1196 602 1488 654 vertuntur
1524 598 1580 651 in
1617 599 1793 663 auris:

328 693 468 745 quae
503 692 681 745 neque
716 688 869 730 terra
885 675 1008 729 'sibi
1044 676 1276 729 adscivit
1311 693 1412 730 1100
1446 676 1717 729 maximus
1752 675 1958 742 aether,

328 752 476 823 quod
512 770 691 822 neque
725 757 840 807 tam
875 753 1101 807 fuerunt
1135 753 1323 822 gravia
1357 756 1422 806 ut
1458 754 1717 821 depressa
1752 752 2024 819 sederent,

326 845 426 883 nec
462 830 603 883 levia
637 834 701 884 ut
736 833 960 899 possent
996 847 1095 899 per
1131 847 1370 884 summas
1405 830 1580 884 labier
1615 847 1753 895 oras,
1962 843 2032 884 475

328 907 385 958 et
419 909 604 959 tamen
639 907 1021 974 interutraquo
1057 907 1140 960 ita
1175 911 1303 960 sunt
1338 911 1402 960 ut
1437 923 1665 975 corpora
1701 906 1825 960 viva

327 987 545 1035 versent
581 986 640 1036 et
673 985 862 1050 partes
898 986 961 1035 ut
997 983 1188 1035 mundi
1224 982 1395 1036 totius
1432 986 1655 1048 extent3

328 1058 475 1125 quod
509 1075 681 1125 genus
716 1058 773 1110 in
808 1058 965 1111 nobis
1003 1058 1275 1126 quaedam
1311 1058 1442 1112 licet
1477 1059 1535 1112 in
1570 1060 1806 1113 statione

326 1133 572 1186 membra
606 1149 843 1202 manere,
879 1137 1063 1187 tamen
1099 1152 1222 1188 cum
1259 1135 1368 1188 sint
1402 1145 1646 1204 eaquae
1679 1141 2017 1191 moveantur.

325 1208 409 1261 his
445 1208 614 1276 igitur
649 1209 813 1263 rebus
847 1211 1103 1263 retractis
1139 1213 1291 1264 terra
1325 1215 1568 1279 repente,
1957 1229 2031 1267 430

326 1301 582 1339 maxuma
618 1302 727 1353 qua
761 1302 904 1340 nunc
940 1302 999 1339 se
1035 1286 1193 1354 ponti
1228 1286 1390 1355 plaga
1426 1288 1642 1341 caerula
1675 1288 1872 1357 tendit,

326 1362 558 1416 succidit
595 1365 652 1416 et
688 1363 828 1416 salso
866 1362 1096 1417 suffudit
1129 1364 1352 1431 gurgite
1388 1364 1575 1419 fossas.

324 1438 488 1508 inque
526 1439 644 1492 dies
681 1442 887 1508 quanto
925 1438 1129 1494 circum
1168 1440 1341 1508 magis
1379 1441 1620 1495 aetheris
1655 1444 1842 1496 aestus

323 1519 383 1570 et
417 1516 558 1569 radii
594 1516 725 1569 solis
762 1516 1034 1584 cogebant
1069 1516 1314 1585 undique
1349 1521 1555 1572 terram

322 1592 641 1647 verberibus
677 1592 882 1648 crebris
918 1596 1168 1647 extrema
1202 1593 1274 1646 ad
1309 1594 1496 1649 limina
1529 1597 1596 1650 in
1630 1599 1832 1666 artum,
1955 1611 2026 1651 485

321 1669 379 1723 in
415 1670 598 1724 medio
634 1673 698 1724 ut
732 1670 991 1739 propulsa
1027 1687 1124 1723 suo
1162 1670 1434 1725 condensa
1470 1673 1656 1739 coiret,

322 1750 437 1801 tam
473 1748 645 1814 magis
682 1764 973 1815 expressus
1010 1747 1185 1799 salsus
1222 1746 1293 1800 de
1329 1764 1553 1816 corpore
1589 1750 1758 1804 sudor

322 1822 562 1890 augebat
597 1839 747 1875 mare
782 1822 1054 1876 manando
1090 1839 1420 1891 camposque
1455 1826 1709 1894 natantis,

323 1901 382 1952 et
416 1902 574 1951 tanto
610 1898 785 1966 magis
820 1898 915 1951 illa
949 1899 1095 1951 foras
1131 1898 1316 1951 elabsa
1352 1898 1607 1953 volabant

320 1991 547 2043 corpora
581 1975 756 2029 multa
790 1975 1006 2043 vaporis
1041 1977 1101 2028 et
1137 1975 1279 2028 aeris
1314 1975 1534 2044 altaque
1568 1978 1703 2032 caeli
1959 1997 2030 2035 49)

320 2051 624 2105 densebant
659 2051 845 2120 procul
880 2068 914 2104 a
948 2051 1113 2105 terris
1147 2050 1415 2119 fulgentia
1449 2053 1667 2120 templa.

319 2128 574 2183 sidebant
607 2129 800 2197 campi,
837 2127 1159 2182 crescebant
1195 2128 1474 2182 montibus
1510 2129 1636 2183 altis

317 2221 602 2271 ascensus3
638 2222 818 2275 noque
854 2205 997 2259 enim
1032 2207 1293 2274 poterant
1328 2203 1613 2260 subsidere
1650 2225 1780 2263 saxa

317 2298 417 2335 1100
452 2283 663 2351 pariter
697 2282 1020 2336 tantundem
1058 2299 1248 2336 omnes
1285 2282 1637 2337 succumbere
1672 2287 1861 2354 partis.

390 2358 480 2413 Sic
515 2358 684 2427 igitur
719 2363 903 2413 terrae
940 2363 1193 2414 concreto
1229 2375 1458 2429 corpore
1493 2360 1705 2428 pondus
1956 2379 2026 2416 495

318 2435 565 2489 constitit
601 2440 771 2505 atque
808 2436 981 2490 01111113
1016 2436 1208 2490 1111111ᾶί
1246 2436 1401 2504 quasi
1440 2436 1600 2490 limus
1636 2437 1690 2489 in
1726 2438 1892 2492 imum

321 2510 585 2564 confluxit
618 2513 801 2579 gravis
838 2517 896 2567 et
934 2513 1184 2567 subsedit
1219 2511 1468 2567 funditus
1504 2518 1567 2566 ut
1601 2514 1725 2567 faex
1742 2535 1755 2579 ;

318 2587 450 2640 inde
487 2604 638 2640 maro
674 2589 804 2643 inde
840 2606 936 2643 aer
969 2590 1099 2644 inde
1135 2589 1328 2643 aether
1364 2590 1564 2657 ignifer
1599 2592 1716 2659 ipsc

318 2664 636 2732 corporibus
669 2665 890 2732 liquidis
927 2669 1055 2720 sunt
1090 2667 1271 2719 omnia
1304 2684 1445 2734 pura
1480 2666 1684 2734 relicta,

318 2742 378 2793 et
411 2740 620 2795 leviora
656 2741 775 2793 aliis
809 2741 930 2808 alia,
969 2745 1027 2795 et
1062 2741 1459 2810 liquidissimus
1495 2742 1689 2795 aether
1953 2759 2027 2797 510

316 2819 486 2885 atque
518 2817 824 2871 levissimus
858 2818 1034 2871 aerias
1069 2833 1234 2886 super
1267 2817 1451 2872 influit
1483 2834 1657 2884 auras,
1828 2829 1835 2834 ·

316 2908 416 2947 nec
450 2893 718 2962 liquidum
754 2909 951 2961 corpus
985 2893 1338 2948 turbantibus
1373 2894 1516 2947 aeris
1551 2895 1696 2947 auris

318 2970 660 3037 commiscet;
696 2970 826 3024 sinit
859 2969 996 3023 haec
1029 2969 1282 3024 violentis
1317 2969 1500 3023 omnia
1533 2970 1674 3023 verti

317 3045 643 3112 turbinibus,
681 3047 810 3101 sinit
845 3046 1071 3105 incertis
1105 3046 1348 3101 turbare
1366 3047 1632 3115 procelliS‚

316 3120 435 3189 ipse
473 3138 597 3176 suos
632 3123 775 3191 ignis
810 3126 963 3177 certo
996 3123 1109 3196 fert
1146 3122 1353 3193 impete
1390 3123 1589 3178 labens.
1948 3138 2021 3179 5⁰5

316 3211 443 3250 nam
478 3198 690 3253 modico
725 3199 896 3253 fluere
931 3202 1102 3268 atque
1136 3216 1245 3253 uno
1264 3216 1440 3269 ⁸posse
1476 3199 1702 3254 aethera
1735 3200 1857 3254 nisu
