2259 3442
1112 111 1222 167 111
1943 113 2013 169 61

315 213 557 285 percipit
589 212 772 282 adque
804 213 1015 280 horror,
1049 214 1199 282 quod
1234 214 1314 268 sie
1347 216 1546 269 natura
1579 218 1679 270 tua
1711 215 1766 270 vi

313 294 431 346 tam
465 290 754 344 manifesta
785 293 981 360 patens
1016 305 1085 344 ex
1121 290 1270 345 omni
1303 293 1465 360 parte
1498 295 1713 346 retecta
1745 295 1845 347 est.
1969 308 2020 346 ³0

384 368 459 420 Et
493 366 747 436 quoniam
784 366 958 432 docui,
992 370 1315 421 cunctarum
1350 366 1578 421 exordia
1611 383 1796 422 rerum

313 442 497 511 qualia
531 443 643 496 sint
677 444 737 495 et
772 458 937 510 quam
972 442 1136 496 variis
1171 442 1437 497 distantia
1470 443 1660 497 formis

314 523 511 587 sponte
545 534 644 572 sua
677 516 908 573 volitent
941 522 1167 573 aeterno
1202 520 1413 589 percita
1447 524 1603 574 motu

313 612 490 664 quove
523 593 687 648 modo
721 595 934 664 possint
966 611 1057 649 res
1092 611 1162 648 ex
1198 596 1284 649 his
1319 612 1568 665 quaeque
1602 597 1798 665 creari,

311 671 477 746 hasce
511 671 810 726 seeundum
846 688 938 725 res
971 671 1138 725 animi
1171 674 1370 725 natura
1406 672 1627 727 videtur
1969 688 2019 726 35

314 751 483 817 atquo
516 748 729 802 animae
763 748 1022 802 claranda
1055 748 1195 802 meis
1230 749 1337 802 iam
1374 749 1621 805 versibus
1656 767 1777 805 esse

313 827 373 878 et
406 827 587 879 metus
619 825 713 878 ille
746 825 893 878 foras
927 840 1194 895 praeceps
1232 825 1568 879 Aehenmtis
1601 826 1866 894 agendus,

310 900 558 955 funditus
590 900 883 954 humanam
917 900 1012 970 qui
1046 901 1216 955 vitam
1251 901 1444 955 turbat
1479 901 1550 955 ab
1585 903 1695 956 imo

313 978 494 1031 omnia
528 976 844 1030 suffundens
878 976 1071 1031 mortis
1107 977 1331 1045 nigrore
1363 994 1542 1046 neque
1575 978 1742 1031 ullam

313 1070 434 1108 esse
468 1053 807 1122 voluptatem
842 1053 1105 1121 liquidam
1141 1070 1448 1122 puramque
1481 1054 1757 1123 relinquit.
1965 1069 2017 1107 40

313 1147 441 1184 nam
475 1129 624 1197 quod
659 1145 823 1198 saepe
856 1128 1102 1183 homines
1137 1128 1357 1183 morbos
1390 1130 1566 1198 magis
1594 1146 1714 1183 esse
1741 1129 2019 1183 timendos

312 1205 679 1272 infamemque
713 1205 898 1258 ferunt
931 1206 1099 1258 vitam
1137 1221 1300 1272 quam
1337 1206 1566 1259 Tartara
1599 1206 1694 1260 leti

314 1284 375 1336 et
410 1297 471 1334 se
506 1280 651 1335 seire
689 1280 903 1334 animae
938 1284 1192 1335 naturam
1228 1282 1506 1349 sanguinis
1540 1298 1659 1336 esse

243 1385 294 1419 ⁴0
314 1360 412 1411 aut
446 1356 612 1412 etiam
652 1357 819 1424 venti,
856 1358 903 1410 si
937 1357 1053 1411 fert
1087 1357 1169 1410 ita
1203 1358 1347 1412 sorte
1381 1358 1647 1427 voluntas,

246 1455 291 1489 u
315 1450 414 1489 nee
449 1450 669 1504 prosum
707 1433 999 1502 quiequam
1034 1438 1255 1488 nostrae
1289 1433 1517 1488 rationis
1548 1451 1727 1504 egere,
1966 1449 2027 1488 45«

313 1511 441 1565 hine
475 1510 603 1564 lieet
638 1509 898 1563 advertas
932 1510 1173 1564 animum
1209 1512 1384 1578 magis
1418 1512 1601 1565 omnia
1634 1511 1813 1565 laudis

245 1606 290 1642 ⁴⁷
315 1587 505 1641 iactari
541 1603 703 1640 eausa
737 1604 901 1656 quam
937 1586 1086 1656 quod
1122 1603 1211 1641 res
1245 1588 1365 1657 ipsa
1400 1588 1678 1657 probetur.

314 1666 561 1717 extorres
596 1663 740 1716 idem
777 1664 960 1733 patria
993 1662 1265 1733 longeque
1300 1662 1471 1732 fugati

314 1742 610 1809 conspeetu
645 1756 713 1793 ex
749 1739 1044 1807 hominum,
1080 1740 1291 1794 foedati
1326 1740 1554 1795 erimine
1589 1742 1757 1811 turpi,

312 1815 563 1869 omnibus
596 1817 870 1868 aerumnis
906 1815 1109 1869 adfecti
1148 1816 1383 1883 denique
1417 1817 1622 1881 vivunt,
1968 1831 2033 1871 σοι

313 1895 374 1947 et
407 1906 747 1960 quocumque
783 1895 968 1943 tamen
1004 1891 1189 1944 miseri
1223 1907 1423 1943 venere
1458 1895 1752 1959 parentant

313 1972 372 2022 et
404 1967 588 2034 nigras
624 1969 866 2018 mactant
902 1965 1142 2034 pecudes
1178 1969 1236 2020 et
1270 1966 1505 2020 manibu’
1541 1967 1680 2020 divis

312 2042 535 2097 inferias
572 2041 804 2095 mittunt
838 2041 1121 2110 multoque
1157 2043 1215 2096 in
1248 2042 1415 2096 rebus
1450 2042 1665 2097 acerbis

314 2120 493 2174 aerius
528 2118 827 2172 advertunt
861 2119 1070 2172 animos
1105 2119 1178 2173 ad
1215 2118 1545 2187 religionem.

314 2213 422 2267 quo
456 2196 629 2265 magis
662 2194 719 2249 in
757 2193 939 2249 dubiis
972 2194 1247 2250 hominem
1285 2198 1536 2265 spectare
1570 2195 1792 2264 periclis
1968 2213 2019 2251 55

315 2273 567 2328 convenit
601 2271 953 2342 adversisque
988 2272 1044 2326 in
1079 2272 1245 2327 rebus
1280 2288 1506 2327 noscere
1541 2271 1636 2341 qui
1674 2271 1776 2338 sit3

313 2365 437 2403 nam
473 2366 635 2405 verae
668 2366 829 2404 voces
862 2354 982 2403 tum
1020 2348 1241 2403 demum
1277 2352 1502 2419 pectore
1537 2347 1608 2401 ab
1642 2348 1754 2401 imo

314 2426 585 2481 eiciuntur
618 2433 669 2479 et
705 2427 940 2496 eripitur
973 2443 1223 2496 persona,
1257 2430 1447 2480 manet
1480 2442 1586 2479 res,

315 2502 548 2570 denique
583 2502 833 2556 avarities
869 2508 928 2557 et
959 2502 1226 2557 honorum
1261 2519 1422 2557 eaeea
1456 2502 1657 2571 cupido

314 2595 453 2648 quae
488 2578 715 2631 miseros
750 2577 997 2631 homines
1032 2583 1237 2647 cogunt
1270 2577 1659 2632 transcendere
1694 2578 1831 2631 fines
1969 2593 2020 2632 oo
2053 2605 2056 2608 ⁴

312 2654 446 2708 iuris
483 2657 543 2708 ct
575 2653 854 2706 interdum
892 2655 1066 2708 socios
1103 2654 1368 2709 scelerum
1404 2657 1573 2723 atque
1607 2653 1890 2706 ministros

313 2735 504 2785 noctes
536 2735 703 2799 atque
740 2729 857 2782 dies
891 2730 995 2783 niti
1031 2735 1349 2800 praestante
1382 2730 1571 2784 labore

314 2807 385 2861 ad
422 2823 661 2862 summas
697 2822 979 2874 emergere
1015 2823 1162 2876 opes,
1196 2807 1330 2860 haee
1363 2806 1591 2861 vulnera
1623 2806 1770 2860 vitae

314 2900 421 2937 non
456 2883 734 2936 minimam
770 2886 987 2951 partem
1021 2883 1215 2936 mortis
1250 2881 1540 2936 formidine
1574 2882 1808 2935 aluntur.
2002 2904 2054 2939 2·-

316 2959 677 3029 turpisenfm
713 2959 885 3012 ferme
920 2962 1268 3029 contemptus
1303 2962 1364 3013 et
1397 2959 1539 3013 aeris
1574 2961 1794 3026 egestas
1968 2972 2021 3010 os

317 3040 526 3090 semota
561 3035 631 3089 ab
668 3034 815 3089 dulei
849 3035 965 3089 vita
1002 3035 1295 3104 stabilique
1329 3036 1585 3090 videntur

317 3115 377 3165 et
410 3112 564 3180 quasi
603 3112 709 3165 iam
746 3112 845 3165 let-i
881 3116 1069 3181 portas
1105 3113 1414 3167 cunctarier
1448 3115 1610 3177 ante;

316 3187 463 3240 unde
497 3187 741 3242 homines
775 3188 907 3241 dum
946 3206 1005 3243 se
1038 3189 1176 3242 falso
1212 3193 1426 3243 terrore
1460 3188 1638 3242 eoacti
