2259 3442
1118 106 1265 163 IIII
1964 106 2044 165 93

331 219 626 287 pppterea
663 213 790 281 quia
826 215 953 265 sunt
989 228 1021 264 o
1054 209 1250 279 primis
1283 210 1433 265 facta
1466 210 1696 265 minutis

333 308 473 358 quae
508 290 662 359 quasi
697 288 973 342 cuduntur
1007 303 1219 357 perque
1254 287 1398 341 aeris
1432 287 1786 342 intervallum

334 385 441 421 non
480 365 739 420 dubitant
775 365 1013 420 transire
1051 364 1307 434 sequenti
1342 365 1557 420 concita
1591 365 1756 434 plaga

247 476 287 503 ες
297 474 309 502 2
336 461 545 514 perque
578 442 764 497 volare
799 458 950 496 mare
985 458 1048 495 ac
1085 446 1266 497 terras
1302 441 1626 511 caelumque
1660 441 1858 509 rigare.

247 545 312 577 xeo
338 519 726 589 suppeditatur
762 518 906 571 enim
942 517 1232 572 confestim
1268 518 1471 572 lumine
1503 516 1689 572 lumen
1974 532 2048 573 120

337 600 396 652 ct
432 595 589 667 quasi
624 593 839 664 protelo
875 594 1193 648 stimulatur
1224 594 1440 663 fulgere
1474 594 1674 665 fulgur.

337 675 675 743 quapropter
710 671 1002 725 simulacra
1036 671 1157 740 pari
1192 672 1405 725 ratione
1440 688 1665 727 necesse
1699 676 1787 728 est

334 748 745 803 inmemorabile
782 765 883 818 per
920 750 1158 817 spat-ium
1196 752 1575 803 transcurrere
1611 765 1773 819 posse

335 827 600 896 temporis
635 825 693 878 in
730 828 950 895 puncto,
987 825 1224 894 primum
1265 825 1412 893 quod
1448 825 1674 894 parvola
1708 843 1874 881 causa

336 907 424 958 est
460 902 647 972 procul
684 919 718 956 a
752 905 911 970 tergo
947 919 1087 970 quae
1124 901 1391 970 provehat
1426 906 1593 970 atque
1629 904 1916 972 propellat,
1973 917 2048 958 195

246 1000 310 1033 ιοσ
335 979 536 1034 deinde
575 977 724 1048 quod
760 994 936 1047 usque
973 977 1111 1031 adeo
1151 981 1374 1030 textura
1409 977 1664 1046 praedita
1699 996 1825 1032 rara

336 1057 650 1122 mittuntur,
687 1054 849 1108 facile
884 1058 947 1107 ut
983 1054 1203 1121 quasvis
1237 1057 1531 1121 penetrare
1565 1058 1771 1122 queant
1804 1071 1896 1109 res

337 1136 397 1186 et
433 1131 589 1199 quasi
626 1146 951 1199 permanare
986 1146 1089 1199 per
1123 1130 1269 1182 aeris
1303 1129 1666 1185 intervallum.

335 1213 627 1277 praeterea
663 1206 851 1274 siquae
885 1206 1111 1274 penitus
1147 1206 1468 1274 corpuscula
1502 1223 1688 1261 rerum
1738 1240 1741 1245 -

247 1301 313 1334 200
335 1300 406 1339 ex
442 1284 663 1352 altoque
699 1282 846 1335 foras
883 1283 1196 1350 mittuntur,
1232 1282 1360 1335 solis
1396 1283 1480 1337 uti
1514 1283 1610 1336 lux
1973 1299 2050 1340 2⁰0

335 1376 401 1415 ac
436 1377 619 1430 vapor,
656 1359 793 1413 haec
826 1361 1033 1427 puncto
1067 1362 1370 1413 cernuntur
1404 1359 1559 1429 lapsa
1594 1359 1703 1414 diei

333 1455 435 1507 per
471 1440 650 1491 totum
686 1434 824 1490 caeli
861 1435 1101 1504 spatium
1139 1435 1450 1491 diffundere
1487 1453 1619 1492 sese.

334 1514 468 1583 quid
504 1531 644 1583 quae
682 1516 811 1567 sunt
848 1512 1016 1581 igitur
1049 1512 1161 1566 iam
1195 1513 1373 1582 prima
1407 1513 1590 1569 fronte
1627 1516 1858 1584 parata?

246 1607 311 1639 ὀε
335 1608 460 1646 cum
497 1592 771 1646 iaciuntur
805 1593 864 1644 et
899 1590 1157 1645 emissum
1194 1607 1286 1644 res
1321 1590 1473 1645 nulla
1507 1596 1768 1659 moratur,

248 1689 311 1721 ιω
335 1667 484 1736 quod
520 1671 787 1737 superest,
822 1667 917 1720 ubi
953 1671 1066 1721 tam
1103 1666 1312 1721 volucri
1346 1667 1573 1722 levitate
1606 1668 1868 1734 ferantur,
1977 1682 2051 1723 205

247 1758 313 1790 ὀῦ
334 1761 515 1814 quone
551 1745 708 1798 vides
745 1743 909 1797 citius
946 1744 1152 1798 debere
1189 1747 1247 1797 et
1281 1743 1496 1812 longius
1530 1745 1613 1798 ire

334 1820 732 1890 multiplexque
767 1819 870 1872 loci
907 1820 1144 1887 spatium
1179 1823 1554 1874 transcurrere
1589 1822 1783 1875 eodem

334 1895 585 1964 tempore
620 1912 729 1963 quo
766 1894 894 1947 solis
929 1893 1254 1962 pervolgant
1286 1894 1494 1948 lumina
1527 1896 1773 1951 caelum?

334 1973 439 2026 hoc
475 1972 642 2025 etiam
676 1972 735 2025 in
770 1970 961 2039 primis
996 1971 1273 2038 specimen
1309 1986 1500 2024 verum
1536 1988 1657 2025 esse
1691 1972 1912 2028 videtur

336 2066 504 2120 quam
538 2048 703 2102 celeri
738 2050 893 2101 motu
926 2063 1112 2100 rerum
1150 2046 1437 2101 simulacra
1470 2048 1735 2116 ferantur,
1978 2064 2052 2105 210

336 2125 489 2196 quod
525 2124 683 2179 simul
721 2141 784 2178 ac
817 2122 1057 2193 primum
1092 2122 1197 2177 sub
1234 2123 1332 2176 diu
1366 2123 1629 2192 splendor
1662 2124 1826 2194 aquai

334 2204 573 2274 ponitur,
607 2200 883 2269 extemplo
918 2198 1070 2253 caelo
1104 2199 1362 2253 stellante
1398 2216 1590 2255 serena

336 2281 519 2335 sidera
554 2277 889 2348 respondent
923 2278 979 2331 in
1017 2293 1162 2346 aqua
1193 2276 1466 2330 radiantia
1500 2278 1703 2332 mundi.

335 2358 518 2412 iamne
551 2356 706 2411 vides
739 2355 909 2423 igitur
943 2371 1107 2423 quam
1144 2356 1345 2423 puncto
1380 2356 1629 2424 tempore
1661 2355 1843 2425 imago

337 2434 576 2488 aetheris
612 2449 681 2486 ex
716 2432 826 2484 oris
861 2431 917 2484 in
953 2434 1229 2484 terrarum
1266 2429 1478 2485 accidat
1512 2434 1670 2486 oras?
1982 2450 2053 2490 215

337 2527 507 2580 quare
541 2508 713 2563 etiam
746 2512 912 2576 atque
947 2507 1114 2562 etiam
1149 2507 1291 2561 mira
1321 2507 1532 2562 fateare
1567 2514 1844 2565 necessest

337 2679 565 2732 corpora
599 2677 741 2732 quae
776 2660 977 2714 feriant
1010 2661 1193 2715 oculos
1228 2661 1512 2731 visumque
1545 2662 1829 2716 lacessant.

336 2743 713 2810 perpetuoque
747 2736 927 2790 fluunt
960 2738 1124 2790 certis
1161 2736 1233 2790 ab
1266 2737 1433 2792 rebus
1468 2737 1665 2792 odores
1678 2758 1692 2803 ;

334 2818 511 2885 frigus
546 2818 611 2871 ut
645 2831 679 2868 a
712 2812 906 2881 fluvii8‚
940 2812 1087 2865 calor
1120 2813 1193 2867 ab
1229 2812 1357 2880 sole,
1394 2819 1579 2868 aestus
1613 2812 1686 2867 ab
1718 2814 1883 2868 undis

337 2893 589 2962 aequoris
623 2906 819 2946 exesor
851 2905 1160 2943 moerorum
1194 2890 1356 2944 litora
1389 2891 1605 2946 circum.
1981 2907 2053 2944 220

338 2986 441 3024 nec
475 2968 659 3023 variae
693 2971 910 3022 cessant
946 2982 1104 3021 voces
1142 2966 1374 3021 volitare
1409 2983 1511 3036 per
1544 2984 1721 3024 auras.

340 3046 577 3116 denique
611 3045 668 3099 in
703 3061 767 3099 os
804 3044 931 3098 salsi
966 3044 1118 3098 venit
1153 3060 1313 3098 umor
1348 3060 1511 3114 saepe
1547 3046 1773 3115 saporis,

338 3139 465 3177 cum
498 3138 649 3177 mare
682 3138 965 3176 versamur
998 3124 1244 3191 propter,
1279 3120 1565 3191 dilutaque
1600 3125 1791 3176 contra

340 3214 467 3253 cum
500 3199 711 3253 tuimur
744 3198 961 3254 misceri
996 3198 1285 3266 absinthia,
1320 3198 1505 3268 tangit
1536 3213 1762 3253 amaror.
