2259 3442
1115 105 1278 168 '1111
1934 112 2049 171 109

354 212 603 282 effugere,
640 231 883 269 errorem
917 215 1203 285 vitareque
1239 221 1697 285 praemetuenter‚
1728 226 1733 231 ·

353 289 556 344 lumina
592 306 661 344 ne
696 290 862 345 facias
898 292 1175 350 oculorum
1210 293 1355 347 clara
1390 298 1590 361 creata,
1978 310 2053 350 825

203 372 210 381 '
266 390 331 422 aas
354 368 664 436 prospicere
701 371 764 421 ut
799 384 1093 436 possemne,
1127 373 1187 423 et
1221 373 1286 423 ut
1320 370 1567 438 proferre
1601 388 1872 440 queamus

353 460 610 513 proceros
645 460 850 513 passus,
888 445 1028 498 ideo·
1046 445 1266 513 fastigia
1298 462 1457 514 posse
1698 468 1703 472 ⁴

354 537 602 574 surarum
641 538 703 575 ac
739 521 999 575 feminum
1035 523 1270 592 pedibus
1305 523 1538 578 fundata
1573 525 1777 595 plicari,

354 597 607 652 bracchia
640 601 760 652 tum
794 615 957 667 porro
994 598 1190 652 validis
1225 616 1293 653 ex
1330 605 1461 670 apta
1495 601 1714 657 lacertis

354 691 475 728 esse
509 691 806 742 manusque
842 674 1002 729 datas
1036 678 1273 745 utraque
1307 693 1375 730 esc
1409 681 1569 746 parte
1604 679 1894 748 ministras,
1981 693 2056 733 8³⁰

354 754 420 804 ut
453 750 633 805 facere
669 752 742 805 ad
776 752 945 805 vitam
982 768 1266 822 possemus
1302 770 1442 821 quae
1477 756 1619 810 foret
1653 772 1798 809 usus,

355 831 541 882 cetera
576 828 647 881 de
681 845 883 896 genere
915 828 1017 881 hoc
1051 828 1198 881 inter
1233 845 1607 899 quaecumque
1640 834 1949 900 pretantur,

353 904 533 958 omnia
567 921 825 973 perversa
860 908 1219 975 praepostera
1254 910 1381 959 sunt
1417 907 1643 975 ratione,

355 981 430 1033 nil
467 980 591 1034 ideo
628 983 883 1050 quoniam
919 984 1166 1034 natumst
1201 981 1256 1034 in
1292 997 1521 1050 corpore
1557 986 1620 1035 ut
1654 984 1737 1036 uti

354 1073 651 1124 possemus»,
688 1057 787 1109 sed
822 1056 972 1124 quod
1006 1060 1253 1109 natumst
1286 1056 1345 1109 id
1380 1063 1634 1124 procreat
1668 1075 1843 1112 usum.
1982 1074 2057 1114 8³5

355 1149 456 1185 nec
491 1132 596 1186 fuit
632 1135 760 1185 ante
796 1133 983 1185 videre
1020 1132 1298 1185 oculorum
1335 1132 1538 1186 lumina
1572 1137 1704 1186 nata

356 1224 458 1261 nec
494 1207 653 1261 dictis
688 1223 845 1261 orare
880 1208 1033 1277 prius
1067 1224 1231 1276 quam
1269 1207 1453 1276 lingua
1488 1212 1743 1278 creatam,

356 1283 456 1337 sed
491 1285 673 1353 potius
709 1284 867 1351 longe
903 1283 1118 1351 linguae
1155 1285 1452 1351 praecessit
1486 1285 1639 1353 origo

357 1376 659 1414 sermonem
695 1359 977 1428 multoque
1010 1364 1228 1414 creatae
1266 1364 1394 1414 sunt
1428 1361 1582 1430 prius
1616 1377 1778 1416 aures

354 1454 520 1506 quam
545 1453 707 1490 sonus
730 1440 815 1490 est
838 1437 1072 1504 auditne,
1097 1441 1158 1490 et
1181 1436 1364 1490 omnia
1390 1437 1624 1506 denique
1647 1438 1895 1492 membra
1982 1453 2057 1493 810

354 1517 485 1567 ante
518 1513 684 1578 fuere,
721 1517 783 1566 ut
817 1514 1023 1582 opinor,
1060 1530 1250 1567 eorum
1288 1530 1454 1582 quam
1490 1514 1635 1568 foret
1669 1531 1815 1569 usus,

354 1589 500 1644 haud
536 1589 702 1657 igitur
735 1593 962 1658 potuere
997 1589 1192 1643 utendi
1228 1606 1476 1643 crescere
1511 1607 1685 1645 causa.

354 1669 415 1720 at
450 1670 640 1720 contra
675 1666 921 1720 conferre
956 1683 1120 1719 manu
1158 1667 1459 1721 certamina
1493 1683 1708 1736 pugnae

355 1746 415 1797 ct
449 1742 683 1796 lacerare
718 1745 869 1795 artus
905 1741 1235 1810 foedareque
1268 1742 1516 1795 membra
1550 1759 1742 1797 cruore

356 1822 487 1873 autc
521 1819 624 1871 suit
661 1818 831 1870 multo
867 1834 1029 1886 quam
1066 1818 1249 1870 lucida
1283 1818 1396 1871 tela
1430 1818 1692 1887 volarent,
1983 1834 2058 1874 845

357 1898 418 1949 et
452 1895 639 1955 volnus
675 1894 847 1946 vitare
883 1895 1033 1962 prius
1071 1897 1271 1947 natura
1305 1894 1486 1961 coegit

355 1987 521 2039 quam
558 1970 719 2023 daret.
752 1969 1025 2036 obiectum
1062 1969 1271 2037 parmai
1305 1969 1460 2022 laeva
1494 1985 1594 2037 per
1629 1972 1820 2024 artem.

356 2046 563 2100 scilieet
596 2053 655 2100 ct
690 2046 890 2098 fessum
927 2062 1123 2115 corpus
1161 2045 1422 2098 mandare
1457 2045 1633 2114 quieti

356 2122 527 2175 multo
562 2121 837 2190 antiquius
855 2125 960 2174 est
993 2137 1158 2190 quam
1193 2121 1322 2174 lecti
1347 2117 1541 2174 ‘mollia
1576 2125 1767 2188 strata,

354 2203 414 2253 et
450 2198 660 2253 sedare
677 2198 825 2251 sitim
860 2198 1012 2267 prius
1046 2200 1136 2251 est
1171 2214 1334 2266 quam
1369 2198 1562 2266 pocula
1596 2200 1800 2252 natum.
1984 2212 2058 2252 850

355 2275 488 2329 haec
522 2275 690 2343 igitur
726 2277 953 2343 possunt
986 2272 1180 2327 utendi
1216 2272 1434 2340 cognita
1469 2289 1633 2327 causa

353 2352 580 2418 credier‚
615 2369 684 2406 ex
722 2368 824 2404 usu
856 2368 997 2420 quae
1033 2353 1163 2403 sunt
1198 2349 1420 2418 vitaque
1457 2355 1691 2419 reperta.

352 2428 449 2480 ina
482 2429 703 2496 quidem
740 2444 981 2481 scorsum
1019 2431 1148 2481 sunt
1183 2426 1362 2480 omnia
1396 2443 1536 2495 quae
1570 2426 1723 2495 prius
1758 2426 1879 2495 ipsa

356 2507 485 2556 nata
519 2503 724 2557 dedere
759 2502 889 2557 suae
923 2508 1049 2573 post
1067 2503 1336 2557 notitiam
1370 2501 1640 2556 utilitatis,

352 2595 461 2646 quo
496 2595 696 2646 genere
731 2581 786 2631 in
824 2579 1012 2648 primis
1048 2595 1240 2639 sensus
1275 2582 1333 2633 et
1368 2578 1616 2632 membra
1650 2577 1927 2643 videmus3
1984 2592 2058 2631 ⁸55

352 2672 524 2723 quare
548 2655 716 2708 etiam
741 2659 904 2722 atque
932 2654 1101 2708 ctiam
1125 2654 1316 2724 procul
1339 2657 1427 2707 est
1450 2657 1516 2708 ut
1537 2653 1767 2707 credere
1789 2653 1965 2721 possis

353 2732 609 2786 utilitatis
646 2730 715 2784 ob
751 2731 981 2783 officium
1018 2731 1260 2800 potuisse
1296 2728 1511 2798 creari]
1626 2800 1629 2803 Ἴ

423 2807 597 2877 [Illud
632 2808 768 2861 item
804 2823 912 2860 non
947 2810 1034 2860 est
1068 2805 1395 2871 mirandum,
1432 2805 1674 2874 corporis
1709 2805 1829 2873 ipsa

354 2884 505 2953 quod
539 2887 737 2937 natura
771 2882 952 2937 cibum
986 2883 1204 2951 quaerit
1238 2881 1499 2950 cuiusque
1533 2880 1837 2935 animantis,

352 2961 555 3030 quippe
578 2960 779 3014 etenim
805 2959 975 3013 fluere
998 2963 1166 3027 atque
1189 2956 1450 3011 recedere
1472 2973 1700 3025 corpora
1724 2956 1887 3011 rebus
1983 2972 2058 3013 θα)

354 3036 528 3091 multa
561 3036 739 3090 modis
773 3035 962 3090 multis
997 3034 1171 3102 docui,
1207 3033 1307 3087 sed
1341 3033 1577 3102 plurima
1612 3032 1818 3088 debent

353 3128 424 3165 ex
459 3112 783 3167 animalibu'.
817 3129 960 3179 quae
993 3111 1120 3181 quia
1157 3114 1284 3164 sunt
1319 3109 1562 3163 exercita
1595 3112 1762 3176 motu,

354 3188 634 3258 multaque
667 3205 769 3259 per
805 3189 1059 3243 sudorem
1097 3206 1165 3241 ex
1202 3187 1316 3241 alto
1348 3200 1542 3257 pressa
1573 3186 1839 3251 feruntur,
