2259 3442
983 123 1135 176 xxxfi

317 266 449 317 1230
517 261 674 316 uncis
697 260 918 315 inclusit
942 259 1338 313 Lachmannus.

319 356 452 405 1244
521 348 834 417 quadratus,
858 346 988 400 Itali
1007 349 1066 400 ct
1085 350 1363 400 corrector
1380 346 1598 416 oblongi
1616 347 1916 404 rectissime

212 452 374 491 cmm
400 452 670 503 FULMINE,
694 438 760 488 ut
784 450 806 488 1
830 440 946 488 489.
988 433 1369 489 Lachmannus
1394 451 1518 488 cum
1544 435 1658 489 solo
1683 435 1916 504 oblongo

209 526 354 578 caelo
379 522 582 577 scribit.
607 522 622 549 ‘
636 538 813 591 neque
846 521 988 574 dixit
1020 520 1153 574 alibi
1187 520 1475 576 Lucretius
1499 522 1733 588 sulmm
1762 525 1916 589 caeli,

212 607 311 661 sed
327 608 563 675 plaqam
586 607 723 661 caeli
753 622 918 675 supra
945 605 1107 659 1095’.
1177 606 1465 660 mirificum
1498 611 1911 675 argumentum!

210 692 418 746 scilicet
464 692 589 746 libri
635 691 721 746 bis
761 692 969 747 habent
998 692 1235 757 fulmen
1275 694 1415 748 caeli
1431 713 1453 750 .-
1503 710 1636 762 ergo
1673 698 1915 762 peccant.

210 791 323 844 cur,
346 778 583 844 quaeso?
654 776 786 846 quia
808 777 977 832 semel
993 778 1231 845 plaqam
1254 778 1395 832 caeli
1416 778 1638 833 habent.

319 866 450 920 1267
521 880 622 932 pro
648 879 902 918 Domum
926 880 1147 918 muns
1171 881 1239 919 Ac
1264 881 1490 918 RAnsnn
1518 881 1689 920 mom
1723 867 1916 936 scripsi

211 961 336 1000 cum
369 946 454 1000 ed.
481 948 627 1002 Iunt.
652 948 844 1002 dolare
875 954 925 1002 et
957 948 1103 1017 levia
1135 950 1337 1003 radere
1369 949 1544 1016 tiqna.
1617 950 1919 1004 Lachman-

210 1046 313 1084 nus
354 1031 516 1085 domo
554 1032 737 1087 lez-are
772 1050 839 1087 ac
870 1050 919 1087 r.
954 1040 988 1086 t.
1022 1033 1121 1087 sed
1156 1034 1350 1088 dolare
1378 1041 1429 1087 ec
1468 1038 1620 1089 certe
1652 1051 1760 1089 non
1797 1036 1918 1090 tolli

214 1112 420 1168 debust.

322 1208 662 1259 1344—1346
733 1204 1037 1260 rectissime
1097 1204 1475 1260 Lachmannus
1520 1209 1801 1275 tamquam
1845 1208 1917 1262 ab

212 1286 609 1357 interpolatore
645 1290 820 1344 factos
858 1291 1033 1344 eiecit.
1103 1290 1202 1344 sed
1234 1308 1340 1345 non
1371 1292 1550 1346 minus
1584 1297 1795 1348 certum
1830 1299 1917 1349 est

212 1377 330 1429 tres
359 1376 637 1444 proximos
677 1377 998 1445 superiores,
1038 1382 1165 1430 1341
1179 1383 1393 1445 -1343,
1425 1378 1496 1432 ab
1528 1379 1721 1433 eodem
1753 1382 1918 1450 scrip-

212 1462 300 1513 tos
341 1476 463 1514 esse
506 1465 570 1514 ut
610 1464 807 1530 poetae
843 1462 1082 1515 rationes
1119 1462 1177 1515 in
1220 1464 1447 1518 dubium
1487 1469 1733 1520 vocaret..
1789 1484 1914 1521 nam

213 1545 383 1599 verba
415 1545 486 1600 St
507 1546 641 1611 suit
674 1553 740 1598 ut
755 1547 1018 1613 facerent
1053 1551 1157 1601 cet.
1185 1548 1480 1611 ,manifesto
1517 1550 1590 1604 ad
1621 1550 1715 1604 illa
1745 1552 1915 1621 respi-

213 1631 380 1698 ciunt,
414 1631 526 1685 Sed
548 1633 744 1697 facere
775 1632 844 1685 id
875 1648 991 1685 non
1023 1636 1126 1687 cet.
1195 1634 1261 1688 cf.
1294 1651 1414 1688 ann.
1447 1635 1575 1705 phil.
1601 1636 1755 1691 Cant.
1781 1653 1842 1691 Π
1864 1655 1914 1707 p.

215 1722 331 1771 288.
403 1733 573 1785 quare
611 1716 710 1770 hos
753 1733 850 1771 sex
891 1734 1080 1772 versus
1115 1720 1319 1774 litteris
1361 1721 1688 1790 capitalibus
1735 1724 1915 1791 expri-
1962 1719 1970 1728 ’

215 1804 443 1857 mendos
481 1804 681 1858 curavi.
769 1810 897 1859 1341
940 1822 1041 1875 pro
1088 1820 1141 1859 SI
1183 1806 1560 1860 Laolimannus
1604 1808 1699 1862 sic.
1766 1808 1913 1862 idom

220 1894 352 1942 1342
377 1892 435 1943 et
464 1895 595 1944 1343
621 1890 860 1945 invertit.

323 1982 450 2031 1391
525 1981 653 2046 post
678 1985 802 2031 tum
825 1978 1017 2032 addidi
1041 1978 1191 2032 hacc.
1235 1978 1300 2032 cf.
1329 1983 1477 2032 1404.
1541 1979 1917 2033 Lachmannus

215 2065 482 2118 carmina
508 2082 608 2133 pro
632 2080 829 2119 OMNIA.

325 2156 455 2205 1409
516 2167 615 2220 pro
663 2163 843 2204 enisus
868 2148 1059 2217 scripsi
1083 2165 1286 2202 rec-em.
1355 2148 1616 2217 syllabam
1639 2166 1705 2203 rc
1737 2151 1920 2205 hausit

215 2237 551 2304 praecedens
582 2252 842 2300 servarc;
879 2234 1082 2288 deinde
1115 2251 1184 2288 ox
1218 2248 1353 2287 oms
1386 2234 1591 2289 factum
1615 2239 1703 2290 est
1731 2254 1919 2304 yeme-9.

218 2321 595 2375 Lachmannus
618 2320 783 2372 sonis,

324 2410 455 2459 1436
525 2407 653 2457 ante
676 2403 934 2457 versatile
955 2403 1140 2457 insulsi
1161 2420 1241 2470 ac,
1267 2404 1432 2473 quod,
1452 2408 1516 2459 ut
1539 2404 1686 2472 alias,
1711 2409 1838 2475 post
1861 2424 1921 2459 m

218 2491 434 2546 excidit.
518 2490 895 2545 Lachmannus
950 2489 1233 2543 versatili&
1310 2506 1437 2544 nam
1495 2492 1757 2547 versatile
1814 2510 1920 2547 non

216 2579 391 2648 magis
432 2578 703 2647 templum
743 2580 865 2630 esse
900 2593 1059 2645 posse
1100 2592 1264 2644 quam
1300 2575 1485 2630 locum
1517 2578 1666 2633 dicit.
1738 2579 1836 2633 sed
1875 2580 1920 2632 si

219 2667 425 2734 templa
447 2683 610 2720 ruere
633 2667 878 2735 possunt,
902 2666 967 2717 ut
991 2677 1013 2716 1
1043 2668 1192 2731 1105,
1216 2666 1314 2717 aut
1337 2664 1606 2732 displodi,
1629 2666 1694 2718 ut
1716 2678 1779 2717 v1
1802 2669 1921 2731 285,

219 2750 414 2805 eadem
438 2754 589 2805 certe
614 2750 837 2805 versari
858 2752 1100 2818 possunt.

326 2842 458 2889 1442
528 2853 628 2904 pro
667 2850 922 2889 PROPTER
953 2848 1166 2887 ononns
1202 2832 1582 2886 Lachmannus
1614 2831 1922 2899 puppibus,

220 2930 271 2976 ct
301 2938 425 2986 γαπ
464 2924 523 2975 et
551 2922 847 2989 puppibus
878 2920 1102 2988 quidem
1136 2918 1388 2986 egregie;
1420 2916 1522 2970 sed
1555 2916 1809 2985 displicet
1833 2934 1924 2971 res

220 3008 298 3061 sic
320 3006 466 3060 nude
488 3006 741 3075 positum.
811 3022 982 3074 quare
1007 3006 1170 3059 urbes
1193 3002 1398 3070 scripsi.
1931 3031 1936 3035 -

326 3095 457 3144 1456
528 3105 629 3158 pro
665 3103 1017 3142 emissenus
1066 3101 1247 3141 conns
1294 3099 1576 3140 mmmm
1623 3084 1815 3155 scripsi
1862 3087 1923 3142 cl.

220 3184 272 3231 et
297 3175 498 3232 ordine
522 3174 681 3229 debet.
723 3173 931 3228 scilicet
954 3173 1210 3227 librarius
1234 3187 1263 3224 e
1285 3172 1453 3226 semel
1474 3172 1708 3241 scripsit,
1723 3171 1924 3227 deindo
