2259 3442
273 105 406 163 ,188
1110 102 1209 160 VI

279 207 605 275 sudorisque
640 206 869 261 madens
905 223 1005 273 per
1038 207 1236 261 collum
1270 206 1593 277 splendidus
1625 222 1799 277 umor,

280 284 464 339 tenvia
497 285 663 351 sputa
696 284 924 351 minuta,
961 284 1103 338 croci
1141 287 1395 339 contacta
1428 283 1612 339 colore

281 362 546 431 salsaque,
581 376 682 429 per
714 360 899 415 fauces
933 377 1126 414 raucas
1162 360 1254 414 vix
1291 360 1445 416 edita
1478 361 1632 415 tussi.

280 441 338 494 in
372 439 623 493 manibus
657 456 787 493 vero
823 440 975 493 nervi
1010 439 1235 494 trahere
1270 445 1329 495 et
1364 443 1605 495 tremere
1639 442 1793 494 artus
1907 454 2010 495 1190

279 535 314 572 a
346 516 688 587 pedibusque
724 516 1038 571 minutatim
1074 518 1371 572 succedere
1405 518 1578 587 frigus
1648 565 1652 569 .

280 610 390 648 non
426 592 730 647 dubitabat.
766 593 901 646 item
935 593 1009 646 ad
1044 610 1361 663 supremum
1396 596 1635 664 denique
1667 599 1893 665 tempus

282 687 606 740 conpressae
643 686 819 737 nares,
853 670 971 724 nasi
1007 672 1264 740 primoris
1298 688 1527 726 acumen

282 752 461 816 tenve,
496 746 671 800 cavati
706 746 860 812 oculi,
895 763 1028 801 cava
1060 750 1325 816 tempora,
1360 748 1560 816 frigida
1593 748 1753 818 pellis

283 824 547 892 duraque,
565 823 623 876 in
645 839 741 876 ore
764 823 943 877 trucci
967 823 1184 893 rictum,
1206 824 1359 879 frons
1382 828 1539 878 tenta
1562 825 1831 879 tumebat.
1901 839 2004 880 1195

282 920 383 957 nec
417 902 584 956 nimio
618 902 782 969 rigidi
816 903 943 971 post
978 904 1134 955 artus
1169 905 1351 956 morte
1382 901 1648 956 iacebant.

283 983 585 1048 octavoque
616 979 735 1034 fere
770 979 1027 1110 caffnti
1060 979 1268 1033 lumine
1301 979 1430 1033 solis

285 1060 382 1111 aut
418 1057 584 1110 etiam
620 1073 763 1110 nona
796 1073 825 1109 r
900 1054 1107 1109 debant
1143 1055 1398 1125 lampade
1431 1056 1617 1119 vitam.

284 1150 518 1203 quorum
553 1132 724 1202 siquis
757 1132 867 1186 ibei
902 1131 1107 1185 vitarat
1139 1132 1334 1186 funera
1366 1132 1481 1198 leti5

284 1211 563 1265 ulceribus
596 1210 793 1265 taetris
828 1213 887 1264 et
920 1209 1078 1279 nigra
1112 1209 1361 1279 proluvie
1397 1210 1504 1265 alvi
1906 1226 2004 1265 120⁰

284 1289 556 1358 posterius
591 1291 777 1342 tamen
811 1287 954 1342 hunc
989 1287 1150 1341 tabes
1185 1286 1468 1355 letumque
1503 1289 1774 1354 manebat,

285 1369 382 1419 aut
417 1365 583 1420 etiam
618 1365 823 1418 multus
858 1364 1055 1433 capitis
1090 1380 1216 1417 cum
1252 1379 1416 1434 sacpe
1451 1365 1642 1420 dolore

285 1445 575 1512 corruptus
612 1441 831 1509 sanguis
867 1440 1099 1509 expletis
1136 1440 1362 1494 naribus
1395 1440 1542 1496 ibat:

285 1518 392 1572 huc
424 1518 655 1572 hominis
689 1521 841 1572 totae
876 1518 1020 1571 vires
1054 1533 1361 1586 corpusque
1394 1517 1613 1572 fluebat.

287 1594 614 1665 profluvium
649 1609 815 1662 porro
850 1592 945 1661 qui
981 1593 1154 1647 taetri
1189 1593 1467 1661 sanguinis
1502 1611 1627 1648 acre
1903 1607 2004 1648 1205

287 1671 513 1738 exierat,
551 1673 737 1724 tamen
771 1669 828 1722 in
862 1685 1060 1722 nervos
1094 1669 1220 1723 huic
1255 1670 1477 1724 morbus
1512 1674 1571 1725 et
1604 1675 1759 1726 artus

286 1748 406 1804 ibat
440 1751 499 1802 et
533 1747 589 1801 in
625 1746 801 1818 partis
835 1745 1091 1815 genitalis
1124 1747 1371 1816 corporis
1405 1746 1566 1815 ipsas.

288 1829 348 1879 ct
369 1824 629 1894 ‚graviter
662 1825 867 1894 partim
901 1827 1215 1878 metuentes
1251 1822 1439 1876 limina
1472 1822 1570 1877 leti

287 1900 546 1956 vivebant
580 1901 728 1956 ferro
760 1901 963 1970 privati
996 1904 1157 1970 parte
1192 1901 1352 1969 virili,

289 1982 348 2034 et
384 1978 632 2033 manibus
668 1979 785 2032 sine
818 1978 1060 2032 nonnulli
1095 1978 1444 2049 pedibusque
1478 1978 1777 2033 manebant
1905 1992 2003 2051 1219

287 2056 345 2110 in
378 2056 495 2109 vita
528 2059 729 2124 tamen,
764 2059 823 2110 et
858 2054 1166 2124 perdebant
1200 2055 1408 2110 lumina
1441 2055 1668 2125 partim:

290 2149 464 2203 usque
497 2133 636 2187 adeo
672 2133 865 2186 mortis
899 2135 1080 2186 metus
1113 2132 1199 2184 his
1233 2132 1536 2188 incesserat
1569 2149 1708 2186 acer.

289 2214 456 2280 atque
493 2210 662 2264 etiam
699 2210 966 2278 quosdam
1002 2226 1200 2280 cepere
1236 2209 1437 2265 oblivia
1471 2226 1656 2264 rerum

294 2290 622 2354 cunctarum,
657 2303 837 2355 neque
871 2303 932 2340 se
966 2289 1193 2356 possent
1227 2303 1552 2355 cognoscere
1584 2289 1649 2340 ut
1683 2284 1801 2352 ipsi.

290 2362 571 2430 multaque
584 2361 739 2415 humi
752 2379 875 2415 cum
890 2363 1174 2417 inhumata
1192 2363 1435 2418 iacerent
1449 2361 1678 2431 corpora
1693 2378 1857 2430 supra
1906 2377 2002 2417 121⁵

289 2437 623 2508 corporibus,
658 2442 846 2491 tamen
880 2439 1110 2493 alituum
1147 2457 1321 2508 genus
1357 2443 1523 2509 atque
1557 2439 1799 2492 ferarum

289 2520 387 2570 aut
421 2515 610 2584 procul
645 2513 948 2584 apsiliebat,
983 2519 1048 2570 ut
1082 2534 1266 2570 acrem
1300 2518 1513 2570 exeiret
1548 2514 1787 2582 odorem,

292 2597 402 2663 aut,
438 2593 534 2647 ubi
569 2595 834 2662 gustarat,
870 2592 1169 2661 languebat
1202 2597 1380 2647 morte
1417 2592 1738 2663 propinqua.

291 2688 393 2726 nec
428 2674 613 2726 tamen
647 2670 867 2723 omnino
902 2673 1113 2724 temere
1149 2670 1259 2722 illis
1296 2669 1499 2724 solibus
1532 2668 1644 2721 ulla
1742 2689 1749 2694 ·

291 2748 644 2818 comparebat
678 2746 810 2813 aviS‚
845 2764 946 2801 nec
982 2747 1170 2801 tristia
1206 2746 1384 2800 saecla
1415 2747 1656 2801 ferarum
1907 2759 2001 2800 1220

291 2825 550 2879 excibant
585 2824 746 2878 silvis,
784 2824 1119 2893 languebant
1153 2822 1416 2893 pleraque
1450 2822 1641 2877 morbo
1724 2845 1727 2848 ·

292 2906 351 2956 et
385 2902 773 2955 moriebantur.
810 2919 934 2955 cum
969 2902 1162 2970 primis
1198 2899 1311 2954 fida
1346 2917 1538 2954 canum
1573 2899 1657 2952 vis

292 2980 470 3031 strata
503 2977 604 3029 viis
638 2977 872 3030 animam
909 2977 1151 3045 ponebat
1185 2977 1243 3029 in
1280 2976 1530 3029 omnibus
1567 2992 1762 3043 aegrc;

292 3052 658 3120 extorquebat
694 3053 836 3106 enim
872 3056 1043 3106 vitam
1078 3055 1162 3106 vis
1197 3051 1450 3105 morbida
1483 3051 1759 3105 membris.

191 3142 276 3176 mo
292 3144 393 3181 nec
430 3127 574 3179 ratio
607 3128 819 3180 remedi
855 3130 1154 3182 communis
1189 3133 1344 3182 certa
1378 3128 1615 3182 dabatur
1629 3150 1645 3195 ;
1908 3144 1997 3185 1225

292 3220 418 3256 nam
453 3203 601 3270 quod
635 3201 708 3255 ali
743 3201 977 3257 dederat
1012 3204 1195 3257 vitalis
1229 3206 1372 3258 aeris
1405 3222 1568 3259 auras
