2259 3442
251 82 364 141 102
1002 80 1151 138 IIII
1178 136 1183 139 .

152 204 219 236 542
241 202 342 240 nec
379 184 540 239 simili
574 188 870 254 penetrant
906 184 1055 239 auris
1091 184 1394 255 primordia
1416 187 1606 254 forma,

151 441 216 472 545

148 824 214 855 550

151 902 214 933 553

243 279 367 317 eum
403 262 539 316 tuba
573 261 833 331 depresso
867 262 1108 329 graviter
1145 261 1249 315 sub
1282 279 1564 318 murmure
1599 266 1778 333 mugit
1884 280 1959 320 545

245 342 303 393 et
338 338 531 393 reboat
568 354 793 392 raucum
826 338 979 406 regio
1015 338 1143 394 cita
1162 337 1397 393 barbara
1433 340 1709 411 bombum,

243 419 303 470 et
339 414 536 469 validis
570 415 722 483 cycni
757 413 1097 469 torrentibus
1134 432 1202 468 ex
1245 415 1525 471 Heliconis

242 508 365 546 cum
400 490 668 561 liquidam
702 490 905 544 tollunt
941 491 1161 559 lugubri
1195 507 1326 547 voce
1344 493 1678 562 querellam.

316 569 498 622 Hasce
531 568 703 635 igitur
737 566 957 634 penitus
992 564 1154 622 voces
1188 585 1313 623 eum
1348 586 1576 639 corpore
1612 575 1802 625 nostro

241 644 599 712 exprimimus
634 647 896 713 rectoque
932 644 1078 698 foras
1113 645 1420 699 emittimus
1453 663 1565 714 ore,
1875 662 1950 702 5:1⁰

235 720 457 785 mobilis
493 719 750 774 articulat
786 720 1076 774 verborum
1113 720 1348 774 daedala
1382 723 1566 791 lingua

241 799 650 865 formaturaque
685 795 962 850 labrorum
996 813 1096 865 pro
1130 801 1292 865 parte
1326 799 1544 866 figurat.

240 875 343 929 hoc
379 874 475 928 ubi
509 890 616 927 non
653 873 874 940 longum
891 873 1207 949 ‚spatiumst
1240 874 1388 928 unde
1424 892 1532 929 una
1566 876 1815 945 profecta

239 951 525 1021 perveniat
559 967 663 1004 vox
701 966 968 1019 quaeque,
1005 955 1282 1005 necessest
1316 951 1486 1006 verba
1520 969 1739 1022 quoque
1775 953 1896 1021 ipsa

240 1028 400 1098 plane
436 1027 683 1083 exaudiri
723 1027 1071 1096 discernique
1107 1028 1454 1083 articulatim.
1880 1044 1953 1082 555

240 1110 425 1161 servat
462 1107 608 1159 enim
644 1105 1004 1160 formaturam
1041 1109 1336 1173 servatque
1374 1106 1622 1174 figuram.

238 1186 300 1237 at
335 1183 380 1237 si
415 1182 797 1252 interpositum
835 1181 1071 1249 spatium
1108 1181 1183 1235 sit
1216 1181 1432 1250 longius
1467 1198 1659 1252 aeque,

238 1276 367 1313 aera
401 1276 503 1328 per
537 1258 772 1316 multum
807 1257 1067 1312 confundi
1101 1256 1271 1312 verba
1305 1264 1583 1313 necessest

238 1339 298 1389 et
333 1335 652 1389 conturbari
688 1351 891 1402 vocem,
929 1335 1060 1388 dum
1098 1334 1399 1389 transvolat
1434 1352 1610 1388 auras,

238 1429 371 1480 ergo
407 1412 486 1479 fit,
526 1411 764 1465 sonitum
799 1414 863 1465 ut
897 1411 1072 1480 possis
1108 1412 1312 1466 sentire
1346 1428 1527 1480 neque
1563 1412 1712 1465 illam
1875 1427 1966 1487 5ου,

235 1488 621 1553 internoscere,
652 1486 941 1541 verborum
978 1488 1253 1542 sententia
1293 1505 1435 1556 quae
1471 1489 1572 1542 sit:

237 1580 412 1633 usque
448 1563 587 1618 adeo
622 1563 846 1617 confusa
880 1563 1031 1617 venit
1067 1581 1173 1617 vox
1209 1565 1373 1632 inque
1408 1564 1610 1634 pedita.

239 1644 529 1710 praeterea
561 1639 793 1694 verbum
829 1656 993 1709 saepe
1028 1657 1194 1694 unum
1230 1642 1438 1710 perciet
1473 1641 1622 1695 auris

237 1716 491 1770 omnibus
525 1716 584 1770 in
605 1717 819 1786 popu10,
856 1717 1081 1773 missum
1117 1718 1400 1786 praeconis
1437 1717 1506 1772 ab
1543 1735 1654 1772 ore.

238 1793 295 1846 in
332 1793 532 1847 multas
566 1792 739 1861 igitur
773 1810 930 1848 voees
966 1809 1071 1847 vox
1109 1811 1218 1847 una
1252 1797 1481 1862 repente
1873 1811 1946 1849 565
1998 1829 2003 1834 -

238 1869 475 1938 diffugit,
513 1869 570 1923 in
604 1870 787 1940 privas
824 1870 1077 1939 quoniam
1116 1887 1177 1925 se
1213 1870 1411 1925 dividit
1445 1872 1593 1925 auris

236 1946 529 2014 obsignans
565 1946 796 2001 formam
833 1946 987 2001 verbi
1023 1948 1339 2015 clarumque
1377 1964 1644 2002 sonorem.

236 2027 295 2077 at
332 2040 472 2092 quae
506 2041 632 2093 pars
668 2040 861 2078 vocum
896 2041 1004 2077 non
1040 2025 1187 2078 auris
1223 2023 1414 2078 incidit
1448 2025 1609 2093 ipsas,

235 2101 574 2169 praeterlata
606 2101 754 2170 perit
788 2100 995 2154 frustra
1030 2099 1229 2154 diffusa
1260 2116 1362 2168 per
1396 2117 1570 2155 auras.

237 2194 378 2246 pars,
417 2176 606 2231 solidis
641 2177 827 2244 adlisa,
862 2177 993 2231 loeis
1027 2178 1250 2231 reiecta<
1269 2193 1517 2231 sonorem
1871 2192 1945 2233 570

235 2254 424 2307 reddit
461 2258 520 2308 et
553 2253 832 2307 interdum
870 2254 1170 2308 frustratur
1206 2252 1442 2321 imagine
1477 2254 1644 2309 verbi.

233 2347 374 2398 quae
411 2328 550 2383 bene
585 2346 711 2383 cum
746 2328 948 2396 videas
983 2331 1253 2384 rationem
1288 2330 1524 2385 reddere
1559 2331 1734 2400 possis

232 2411 356 2460 tute
391 2404 493 2461 tibi
529 2409 698 2473 atque
734 2405 868 2473 aliis,
908 2423 1017 2475 quo
1050 2410 1214 2475 pacto
1248 2422 1349 2476 per
1384 2407 1502 2461 loca
1534 2407 1652 2462 sola

234 2498 365 2537 saxa
400 2481 550 2551 paris
583 2482 785 2536 formas
822 2482 1112 2538 verborum
1150 2501 1220 2538 cx
1255 2483 1448 2538 ordine
1483 2483 1736 2551 reddant,

234 2559 470 2629 palantis
506 2559 731 2614 comit-es
768 2576 893 2614 cum
929 2561 1132 2614 montis
1167 2560 1314 2614 inter
1347 2577 1548 2630 opacos
1862 2574 1939 2614 575

237 2636 550 2706 quaerimus
586 2640 645 2690 et
679 2653 878 2705 magna
913 2636 1187 2705 dispersos
1224 2653 1355 2691 voce
1390 2638 1610 2692 ciemuS.

239 2729 336 2767 sex
370 2712 538 2768 etiam
573 2717 672 2768 aut
707 2717 919 2781 septem
957 2712 1075 2766 loca
1108 2713 1221 2767 vidi
1256 2713 1492 2768 reddere
1527 2728 1702 2777 voces,

236 2805 403 2842 unam
438 2806 562 2843 cum
597 2790 830 2844 iaceres:
867 2790 948 2844 ita
982 2790 1148 2845 colles
1183 2790 1409 2845 collibus
1444 2790 1549 2858 ipsi

238 2864 408 2919 verba
442 2865 782 2934 repulsantes
817 2866 1093 2921 iterabant
1127 2866 1294 2922 docta
1327 2866 1535 2921 referri.

234 2941 370 2995 haec
403 2941 522 2994 loca
557 2942 879 3010 capripedes
915 2947 1125 3012 satyros
1160 2941 1533 3011 nymphasque
1565 2945 1758 2996 tenere
1866 2956 1941 2995 580

232 3016 454 3071 finitimi
490 3017 706 3084 fingunt
741 3021 800 3072 et
832 3018 1025 3073 faunos
1060 3036 1182 3074 esse
1217 3019 1468 3072 locuntur

232 3109 465 3162 quorum
499 3094 787 3162 noctivago
822 3095 1059 3162 strepitu
1093 3094 1333 3160 ludoque
1366 3094 1564 3147 iocanti

230 3170 525 3224 adfirmant
559 3169 717 3236 volgo
752 3169 1029 3223 taciturna
1063 3170 1281 3223 silentia
1314 3168 1495 3235 rumpi
