2259 3442
263 143 377 199 148
1073 142 1136 198 V

256 244 533 314 suspensis
568 248 790 299 teneros
824 242 1111 299 imitantur
1147 243 1406 298 dentibus
1436 244 1683 313 haustus,

257 319 416 389 longe
451 321 557 375 alio
592 331 752 390 pacto
786 321 1013 388 gannitu
1046 320 1195 374 vocis
1230 321 1472 389 adulant,
1866 337 1972 378 1070

256 401 315 452 et
350 415 474 452 cum
511 399 716 453 deserti
751 398 1062 451 baubantur
1096 398 1154 450 in
1188 397 1418 452 aedibus
1454 401 1550 452 aut
1586 415 1712 452 cum

256 474 523 543 plorantis
558 475 777 543 fugiunt
812 474 1094 527 summisso
1130 490 1357 541 corpore
1392 474 1594 542 plagas,

256 550 492 620 denique
526 566 635 604 non
670 550 911 603 hinnitus
946 550 1079 603 item
1117 549 1338 603 differre
1372 550 1606 617 videtur,

255 627 402 681 inter
435 643 606 695 equas
639 626 732 679 ubi
771 643 941 694 equus
978 625 1194 679 florenti
1231 629 1415 680 aetate
1448 626 1708 681 iuvencus

254 698 522 770 pinnigeri
558 703 732 756 saevit
768 702 1066 756 calcaribus
1102 702 1244 755 ictus
1279 701 1491 768 amoris
1865 716 1968 758 1075

256 782 315 832 et
348 779 630 831 fremitum
666 778 868 848 patulis
903 777 998 831 ubi
1033 778 1258 832 naribus
1293 777 1411 832 edit
1444 779 1516 832 ad
1552 795 1719 847 arma,

256 857 315 908 et
349 870 472 908 cum
509 855 588 908 sic
624 855 756 908 alias
790 855 1065 909 concussis
1099 854 1312 908 artibus
1347 855 1559 909 hinnit?

254 934 534 999 postremo
568 948 742 1000 genus
778 932 1008 985 alituum
1043 932 1336 1001 variaeque
1373 931 1637 992 volucres,

254 1007 542 1078 accipitres
578 1011 746 1077 atque
782 1008 1079 1076 ossifragae
1113 1009 1400 1077 mergique
1435 1008 1661 1061 marinis

255 1079 523 1140 fluctibus
543 1085 600 1139 in
637 1084 777 1139 salso
812 1085 1017 1138 victum
1052 1085 1330 1153 vitamque
1364 1087 1634 1153 petentes,
1863 1098 1964 1137 1080

254 1161 416 1231 longe
452 1160 587 1216 alias
621 1162 727 1215 alio
762 1161 968 1215 iaciunt
1001 1162 1058 1214 in
1094 1164 1343 1229 tempore
1379 1177 1552 1228 voceS,

256 1242 315 1292 et
343 1253 513 1307 quom
549 1238 621 1292 de
657 1237 806 1292 victu
840 1240 1057 1292 certant
1091 1237 1441 1305 praedaeque
1477 1241 1800 1305 repugnant.

255 1317 315 1367 ct
348 1314 550 1382 partim
587 1317 803 1368 mutant
836 1330 959 1367 cum
994 1313 1425 1382 tempestatibus
1459 1329 1568 1366 una

221 1438 226 1444 .
249 1389 563 1466 raucisonos
598 1394 806 1457 cantus,
842 1389 1117 1443 cornicum
1152 1393 1216 1447 ut
1251 1389 1429 1443 saecla
1462 1393 1680 1443 vetusta

249 1460 648 1535 corvorumque
670 1482 869 1534 greges
892 1465 987 1519 ubi
1012 1482 1211 1534 aquam
1235 1465 1497 1520 dicuntur
1519 1469 1577 1520 et
1601 1465 1790 1520 imbris
1858 1480 1960 1519 1085

253 1556 482 1609 poscere
515 1545 573 1595 ct
607 1542 886 1595 interdum
921 1545 1113 1595 ventos
1148 1558 1419 1611 aurasque
1453 1558 1659 1596 vocare.

253 1632 385 1683 crgo
421 1616 468 1670 si
503 1617 639 1692 vjarii
673 1634 864 1672 sensus
898 1617 1154 1672 animalia
1187 1622 1403 1687 cogunt,

253 1695 408 1747 muta
441 1688 624 1746 tamen
660 1710 784 1747 cum
819 1693 944 1762 sint,
980 1694 1160 1749 varias
1196 1695 1452 1749 emittere
1487 1711 1662 1763 voces,

254 1772 460 1845 quanto
495 1770 741 1824 mortalis
775 1771 947 1839 magis
983 1773 1227 1825 aecumst
1262 1774 1382 1825 tum
1417 1772 1661 1841 potuisse

253 1846 529 1900 dissimilis
564 1845 669 1900 alia
704 1849 873 1917 atque
907 1846 1015 1901 alia
1048 1864 1139 1902 res
1174 1863 1304 1901 voce
1339 1850 1566 1902 notare!
1860 1861 1975 1900 1000·

322 1921 494 1991 [Illud
530 1923 587 1976 in
621 1923 708 1976 his
744 1923 908 1977 rebus
942 1923 1145 1977 tacitus
1160 1923 1165 1928 ’
1180 1939 1252 1976 ne
1285 1923 1428 1977 forte
1465 1924 1725 1992 requiras,

250 1999 455 2053 fulmen
492 1998 694 2053 detulit
729 1999 786 2053 in
822 2002 1029 2053 terram
1063 1999 1386 2053 mortalibus
1421 1999 1604 2067 ignem

253 2074 520 2145 primitus,
555 2075 685 2129 inde
722 2076 895 2129 omnis
930 2074 1270 2129 flammarum
1307 2074 1518 2130 diditur
1552 2074 1730 2129 ardor.

253 2151 427 2206 multa
460 2152 709 2206 videmus
744 2152 888 2205 enim
924 2151 1251 2204 caelestibus
1285 2151 1442 2204 inlita
1475 2151 1707 2205 flammis

251 2227 477 2295 fulgere,
513 2244 638 2280 cum
673 2227 809 2281 caeli
846 2227 1070 2280 donavit
1103 2227 1265 2295 plaga
1299 2243 1513 2296 vapore.
1859 2240 1957 2280 1005

254 2305 313 2356 et
347 2318 563 2355 ramosa
597 2305 782 2356 tamen
818 2318 941 2356 cum
976 2303 1154 2356 ventis
1189 2304 1348 2372 pulsa
1381 2303 1637 2357 vacillans

252 2380 470 2432 aestuat
503 2377 560 2429 in
595 2393 775 2429 ramos
811 2377 1129 2431 incumbens
1165 2379 1375 2434 arboris
1412 2379 1591 2447 arbor,

253 2452 578 2522 exprimitur
612 2451 806 2505 validis
842 2452 1080 2506 extritus
1114 2454 1323 2509 viribus
1356 2455 1504 2523 ignis

253 2534 313 2585 et
346 2529 514 2584 micat
546 2527 826 2582 interdum
861 2527 1101 2583 flammai
1135 2529 1379 2585 fervidus
1413 2532 1592 2598 ardor,

251 2610 445 2661 mutua
480 2606 622 2667 dum,
646 2604 793 2658 inter
828 2620 887 2658 se
922 2605 1061 2658 rami
1097 2606 1409 2676 stirpesque
1444 2610 1715 2660 teruntur.
1862 2620 1959 2660 1100

251 2700 481 2752 quorum
517 2685 811 2750 utrumque
847 2679 1066 2735 dedisse
1099 2685 1284 2750 potest
1318 2683 1638 2737 mortalibus
1674 2682 1872 2749 ignem.

249 2759 379 2813 iude
414 2760 595 2813 cibum
629 2773 864 2826 coquere
898 2772 962 2810 ac
996 2757 1247 2811 flammae
1280 2758 1492 2812 mollire
1526 2774 1726 2826 vapore

250 2834 330 2888 sol
366 2834 565 2902 docuit,
600 2833 855 2904 quoniam
890 2832 1180 2887 mitescere
1212 2834 1387 2887 multa
1420 2833 1682 2887 videbant

250 2910 570 2965 verberibus
604 2910 884 2963 radiorum
918 2912 1086 2978 atque
1121 2912 1280 2963 aestu
1315 2909 1459 2963 victa
1494 2927 1594 2978 pcr
1627 2924 1802 2976 agros.

323 2985 503 3051 Inque
538 2985 657 3038 dies
690 2984 866 3051 magis
898 2982 956 3035 hi
990 2983 1196 3038 victum
1231 2986 1509 3053 vitamque
1544 2985 1781 3053 priorem
1862 2997 1957 3038 1105

252 3061 585 3112 commutare
619 3059 775 3111 novis
809 3058 1190 3111 monstrabant
1224 3059 1389 3113 rebus
1425 3064 1483 3113 et
1517 3081 1639 3117 mm.

253 3133 469 3201 ingenio
503 3134 598 3201 qui
629 3132 988 3201 praestabant
1023 3136 1082 3186 et
1115 3133 1282 3187 corde
1317 3133 1589 3200 vigebant.

251 3208 486 3263 mmdere
518 3211 818 3277 coeperunt
852 3207 1003 3259 urbis
1038 3224 1329 3275 arcemque
1362 3209 1541 3260 locare
