2259 3442
133 1819 144 1826 '
234 1817 298 1867 ut
332 1812 684 1882 propagando
718 1812 929 1881 possint
966 1812 1271 1880 procudere
1307 1812 1511 1878 saecla;

239 106 351 164 142
1057 103 1117 159 V

235 228 306 266 cx
341 209 560 279 alioque
595 210 734 264 alius
769 211 951 264 status
986 207 1244 276 excipere
1277 206 1460 260 omnia
1494 206 1680 275 debet,

234 304 336 342 nec
373 290 557 341 manet
591 285 704 339 ulla
738 286 821 338 sui
857 285 1047 338 similis
1081 300 1200 338 res:
1238 283 1418 336 omnia
1453 283 1711 352 migrant,
1867 298 1949 338 8³0

236 364 416 418 omnia
451 365 751 416 commutat
786 365 983 414 natura
1018 364 1076 414 et
1112 363 1329 413 vertere
1365 360 1525 428 cogit.
1934 351 1947 360 ’

235 457 470 507 namque
508 439 642 492 aliut
678 437 944 506 putrescit
982 439 1040 490 et
1073 453 1207 490 aevo
1245 435 1426 489 debile
1465 436 1705 504 languet,

236 533 400 586 porro
436 515 572 578 aliut
609 514 861 568 clarescit
896 517 954 567 et
989 530 1018 566 e
1053 512 1461 580 contemptibus
1496 514 1626 566 exit.

236 593 315 647 sic
350 592 520 661 igitur
553 590 743 643 mundi
777 591 1031 642 naturam
1074 589 1245 642 totius
1279 591 1432 642 aetas

236 672 416 723 mutat
450 671 508 722 et
543 683 613 719 ex
648 666 755 719 alio
791 668 1001 719 terram
1037 668 1215 718 status
1252 664 1457 734 excipit
1492 665 1649 733 alter,
1869 681 1946 720 835

237 744 385 814 quod
420 748 551 814 pote
586 743 669 796 uti
703 744 958 810 nequeat,
992 741 1167 810 possit
1202 740 1350 809 quod
1384 758 1495 795 non
1529 742 1660 797 tulit
1693 746 1834 797 ante.

305 820 593 888 Multaque
628 822 747 873 tum
781 817 946 872 telius
981 818 1149 871 etiam
1184 821 1442 886 portenta
1476 835 1665 874 creare

236 899 485 952 conatast
520 896 659 950 mira
692 895 832 949 facie
866 894 1237 962 membrisque
1273 898 1473 961 coorta,

238 974 625 1042 androgynum,
635 973 1014 1040 interutraque
1028 989 1127 1025 nec
1145 975 1348 1038 utrum,
1357 972 1637 1039 utrimque
1652 975 1940 1041 remotum,

238 1049 373 1104 orba
406 1050 610 1119 pedum
646 1049 863 1117 partim,
900 1065 1159 1101 manuum
1197 1046 1420 1101 viduata
1455 1047 1704 1117 vicissim,
1865 1063 1940 1103 840

237 1130 392 1181 muta
427 1127 543 1180 sine
578 1142 673 1179 ore
709 1125 888 1187 etiam,
926 1125 1041 1177 sine
1076 1123 1240 1176 voltu⁴
1264 1139 1425 1176 caeca
1459 1128 1696 1193 reperta,

237 1203 527 1271 vinctaque
562 1201 931 1256 membrorum
966 1216 1069 1269 per
1101 1201 1282 1253 totum
1320 1217 1516 1268 corpus
1551 1201 1809 1268 adhaesa,

236 1296 339 1333 nec
374 1279 550 1333 facere
585 1282 650 1332 ut
683 1281 909 1346 possent
944 1277 1237 1346 quicquam
1273 1293 1375 1330 nee
1412 1277 1610 1330 cedere
1645 1294 1914 1346 quoquam

235 1373 336 1409 nec
371 1355 547 1410 vitare
582 1354 786 1408 malum
820 1371 921 1408 nee
958 1370 1176 1407 sumere
1212 1353 1361 1421 quod
1395 1353 1539 1408 foret
1574 1370 1720 1408 usus.

235 1435 423 1486 cetera
446 1432 516 1485 de
538 1447 740 1499 genere
764 1431 866 1485 hoe
890 1432 1136 1483 monstra
1159 1446 1222 1482 ac
1245 1426 1503 1498 portenta
1525 1430 1761 1499 creabat,
1863 1444 1937 1483 845

234 1508 579 1576 nequiquam,
617 1506 871 1575 quoniam
906 1509 1104 1559 natura
1138 1505 1439 1560 absteth
1473 1511 1697 1561 auctum

237 1601 338 1638 noc
372 1587 605 1653 potuere
640 1582 885 1651 cupitum
920 1581 1118 1635 aetatis
1155 1584 1383 1650 tangere
1418 1583 1606 1637 florem

236 1677 337 1715 nec
373 1660 616 1728 reperire
651 1658 831 1713 cibum
866 1674 966 1711 nec
1003 1657 1156 1726 iungi
1192 1674 1291 1726 per
1329 1659 1563 1713 Veneris
1599 1675 1702 1728 res.

161 1800 168 1808 ς
235 1737 410 1791 multa
442 1735 690 1789 videmus
728 1735 871 1788 enim
906 1734 1071 1788 rebus
1105 1751 1431 1789 concurrere
1466 1719 1684 1837 debefe,

1863 1824 1937 1863 850

235 1889 436 1960 pabula
470 1889 706 1959 primum
741 1892 806 1942 ut
841 1889 965 1956 sint,
999 1888 1259 1955 genitalia
1295 1887 1495 1941 deinde
1530 1905 1630 1957 per
1665 1890 1819 1941 artus

234 1967 442 2020 semina
476 1984 585 2035 qua
618 1965 827 2035 possint
861 1964 1119 2019 membris
1155 1980 1377 2017 manare
1412 1965 1668 2028 remissa3

233 2043 543 2112 feminaque
578 2047 643 2096 ut
678 2041 919 2096 maribus
953 2040 1204 2108 coniungi
1240 2041 1427 2110 possit,
1464 2040 1666 2094 habere

234 2123 427 2174 mutua
463 2120 557 2188 qui
593 2121 809 2172 mutent
842 2119 988 2172 inter
1024 2134 1083 2170 se
1118 2116 1320 2185 gaudia
1354 2120 1604 2186 uterque.

304 2196 589 2264 Multaque
603 2199 720 2249 tum
734 2194 1007 2249 interiisse
1021 2194 1357 2247 animantum
1373 2194 1549 2247 saecla
1565 2200 1842 2247 necessest
1862 2207 1935 2247 855

233 2289 334 2327 nec
369 2273 610 2341 potuisse
646 2271 996 2340 propagando
1032 2270 1339 2338 procudere
1373 2270 1599 2340 prolem.

233 2366 360 2403 nam
397 2363 768 2416 quaecumque
803 2345 956 2399 vides
991 2346 1138 2399 vesei
1173 2346 1428 2400 vitalibus
1464 2347 1625 2413 auris,

232 2429 328 2479 aut
364 2423 522 2476 dolus
558 2425 653 2475 aut
686 2422 861 2476 virtus
897 2425 993 2475 aut
1029 2422 1268 2492 denique
1302 2423 1575 2477 mobilitas
1609 2425 1697 2477 est

232 2519 302 2555 ex
335 2501 558 2555 ineunte
592 2515 725 2553 aevo
760 2514 933 2567 genus
965 2498 1025 2552 id
1059 2502 1244 2553 tutata
1278 2515 1574 2553 reservans

235 2577 515 2645 multaque
551 2578 693 2643 sunt,
728 2575 883 2628 nobis
918 2592 988 2629 ex
1021 2575 1263 2629 utilitate
1299 2592 1396 2628 sua
1430 2591 1570 2644 quae
1863 2585 1937 2626 8oe

234 2653 616 2709 commendata
649 2655 885 2718 manent,
922 2652 1132 2705 tutelae
1167 2652 1375 2705 tradita
1409 2656 1642 2705 nostrae.

231 2731 497 2801 principio
532 2745 705 2796 genus
740 2745 865 2781 acre
901 2728 1116 2782 leonum
1154 2745 1421 2802 saevaque
1458 2727 1638 2781 saecla

233 2809 469 2860 tutatast
503 2806 692 2870 virtus,
729 2804 916 2872 volpes
951 2803 1109 2857 dolus
1146 2794 1203 2858 et
1238 2805 1368 2872 fuga
1402 2819 1606 2858 cervos.

233 2884 293 2934 at
328 2880 621 2932 levisomna
656 2896 862 2933 canum
885 2878 996 2931 fido
1033 2896 1155 2933 cum
1192 2883 1417 2949 pectore
1454 2880 1622 2933 corda

229 2959 290 3010 et
323 2969 495 3021 genus
530 2971 689 3008 omne
725 2954 870 3022 quod
906 2959 993 3009 est
1026 2957 1270 3009 veterino
1305 2957 1507 3009 semine
1542 2957 1763 3024 partum
1866 2968 1937 3007 865

232 3031 614 3096 lanigeraeque
653 3030 812 3082 simul
848 3031 1089 3099 pecudes
1124 3035 1184 3084 et
1219 3032 1420 3085 bucera
1456 3031 1633 3083 saecla

230 3106 412 3159 omnia
445 3107 574 3156 sunt
607 3104 886 3158 hominum
920 3107 1128 3160 tutelae
1163 3107 1383 3173 tradita,
1418 3104 1660 3158 Memmi.

336 3198 352 3213 ³
391 3178 590 3247 cupide
624 3179 815 3245 fugere
847 3180 994 3234 feras
1027 3197 1327 3250 pacemque
1360 3182 1551 3233 secuta
