2259 3442
267 124 376 183 180
1067 114 1166 170 Vl

256 228 533 299 extemplo
565 225 786 296 penitus
820 223 1068 293 frigescit
1099 225 1252 276 terra
1285 220 1520 288 coitque.
1870 230 1976 270 ees

255 307 360 361 hae
394 305 608 360 ratione
643 304 708 357 fit
742 306 822 370 ut,
856 305 1155 369 tamquam,
1174 313 1488 366 compressa
1520 312 1687 349 manu
1719 294 1806 361 sit,

258 384 533 454 exprimat
556 382 610 434 in
636 381 841 433 fontem
862 394 1001 448 quae
1026 376 1235 429 semina
1257 390 1490 441 eumque
1515 373 1683 427 habet
1704 372 1863 440 igniS,

256 477 396 530 quae
432 458 667 525 calidum
701 456 908 509 faciunt
942 456 1119 521 aqi‘iae
1156 455 1364 505 tactum
1400 455 1569 520 atque
1603 466 1870 520 saporem.

255 536 387 590 inde
422 535 516 589 ubi
554 533 633 587 sol
669 532 838 585 radiis
874 535 1079 584 terram
1116 528 1347 582 dimovit
1381 527 1606 582 obortus

259 616 319 666 et
354 610 612 665 rarefecit
648 608 825 662 calido
861 607 1126 676 gliscente
1160 622 1380 678 rapere,
1456 662 1460 665 Α
1892 615 1974 655 870

257 705 446 742 rursus
480 687 539 740 in
572 686 824 753 antiquas
858 683 1097 738 redeunt
1131 681 1434 752 primordia
1467 681 1633 735 sedes

258 765 400 832 ignis
434 767 494 818 et
529 763 585 816 in
620 764 829 816 terram
865 760 1015 816 cedit
1049 759 1197 814 calor
1232 758 1408 812 omnis
1443 758 1618 825 aquai.

258 840 488 910 frigidus
522 838 660 893 hanc
697 838 770 893 ob
805 854 924 892 rem
959 837 1025 891 fit
1059 837 1180 890 fons
1213 835 1271 888 in
1307 835 1427 889 luce
1463 834 1673 887 diurna.

260 920 554 988 praeterea
585 915 716 969 solis
748 914 918 969 radiis
952 915 1189 967 iactatur
1224 913 1387 982 aquai

259 1010 420 1047 umor
454 996 514 1047 et
547 991 605 1045 in
639 992 817 1046 lucem
854 990 1090 1045 tremulo
1126 989 1358 1043 rarescit
1392 986 1464 1041 ab
1498 990 1686 1053 aestu3
1893 1000 1971 1041 875

259 1073 556 1140 propterea
589 1069 655 1123 fit
689 1069 774 1123 uti
810 1084 950 1137 quae
986 1066 1204 1121 semina
1227 1081 1459 1135 cumque
1493 1065 1663 1119 habet
1693 1064 1837 1133 ignis

262 1147 540 1212 ‹limittat3
575 1145 730 1214 quasi
765 1161 929 1213 saepe
962 1142 1161 1211 gelum,
1196 1141 1347 1211 quod
1380 1143 1627 1205 continet
1658 1141 1716 1194 in
1750 1157 1827 1208 se,

261 1223 437 1277 mittit
472 1226 531 1277 et
565 1220 774 1275 exolvit
806 1220 1041 1289 glaciem
1072 1218 1355 1287 nodosque
1388 1218 1616 1274 relaxat.

333 1299 593 1367 Frigidus
627 1302 714 1353 est
748 1299 916 1352 etiam
953 1297 1086 1363 som,
1124 1312 1292 1366 supra
1325 1312 1488 1365 quem
1523 1295 1633 1348 sita
1667 1310 1829 1363 saepe

263 1379 464 1445 stuppa
498 1375 630 1429 iacit
663 1375 936 1428 flammam
972 1376 1238 1440 concepto
1272 1372 1522 1442 protinus
1557 1371 1686 1439 igni,
1896 1384 1975 1422 eso

263 1453 536 1521 taedaque
570 1450 833 1505 consimili
869 1450 1088 1505 ratione'
1116 1465 1345 1506 accensa
1368 1445 1479 1519 ‘per
1511 1449 1690 1502 undas

262 1529 526 1595 conlucet,
564 1543 904 1597 quocumque
938 1529 1136 1579 natans
1169 1525 1469 1594 impellitur
1503 1525 1663 1579 auris.

265 1605 519 1657 nimirum
556 1603 684 1673 quia
719 1607 847 1656 suut
882 1602 939 1656 in
976 1618 1121 1670 aqua
1155 1602 1432 1671 permulta
1465 1601 1683 1670 vaporis

265 1680 473 1734 semina
506 1679 579 1734 de
611 1682 872 1746 terraque
906 1682 1184 1732 necessest
1219 1677 1468 1733 funditus
1501 1679 1623 1748 ipsa

266 1757 407 1826 ignis
443 1771 673 1828 corpora
705 1771 809 1825 per
843 1758 1024 1809 totum
1063 1771 1394 1823 consurgere
1429 1754 1638 1808 fontem
1897 1766 1973 1806 sss

268 1837 327 1887 ct
362 1833 522 1889 simul
558 1833 843 1902 exspirare
876 1831 1023 1886 foras
1060 1832 1321 1901 exireque
1357 1831 1412 1884 in
1447 1848 1622 1896 auras

266 1927 373 1963 non
408 1910 488 1964 ita
523 1910 699 1964 multa
732 1912 934 1977 tamen,
969 1907 1179 1962 calidus
1216 1911 1384 1976 queat
1419 1910 1484 1961 ut
1518 1907 1640 1960 fieri
1673 1906 1811 1974 fons,

267 1988 563 2055 propterea
595 1986 844 2054 dispersa
876 1985 1022 2038 foras
1057 2000 1350 2052 erumpere
1384 1983 1534 2051 cogit

268 2063 351 2116 vis
386 2079 486 2131 per
520 2079 718 2131 aquam
754 2061 939 2115 subito
974 2077 1300 2128 sursumque
1334 2076 1403 2113 ea
1434 2059 1718 2113 conciliari.

270 2139 418 2208 quod
440 2156 613 2208 genus
638 2138 782 2192 endo
805 2140 999 2192 marist
1027 2136 1204 2191 Aradi
1223 2137 1359 2204 fons,
1384 2135 1561 2190 dulcis
1581 2136 1742 2205 aquai
1901 2150 1979 2188 seo

269 2216 363 2284 qui
398 2217 561 2270 scatit
596 2219 655 2271 et
691 2215 859 2269 salsas
894 2216 1095 2269 circum
1130 2230 1193 2268 se
1227 2213 1470 2267 dimovet
1502 2212 1711 2278 undas;

269 2296 330 2346 et
364 2292 552 2346 multis
588 2292 709 2345 aliis
742 2292 974 2360 praebet
1008 2290 1322 2358 regionibus
1359 2306 1565 2358 aequor

272 2367 568 2423 utilitatem
604 2372 968 2436 opportunam
1005 2367 1303 2422 sitientibu'
1336 2366 1537 2433 nautis,

271 2443 420 2513 quod
455 2441 630 2498 'duleis
664 2444 810 2497 inter
845 2444 1014 2498 salsas
1050 2443 1369 2501 intervomit
1402 2442 1593 2497 undas.

270 2521 348 2575 sic
381 2520 552 2591 igitur
584 2538 685 2591 per
718 2537 844 2575 eum
878 2525 1122 2590 possunt.
1144 2537 1433 2589 erumpere
1469 2518 1679 2573 fontem
1903 2531 1979 2570 806

271 2600 331 2652 et
366 2601 577 2653 scatere
611 2599 706 2652 illa
738 2597 886 2652 foras
916 2598 973 2651 in
1011 2602 1270 2668 stuppam
1306 2596 1541 2661 semina;
1575 2611 1682 2663 quo
1718 2610 1840 2648 cum

270 2676 597 2730 conveniunt
631 2679 728 2731 aut
762 2676 819 2729 in
854 2675 1038 2729 taedai
1075 2690 1303 2743 corpore
1338 2672 1654 2737 adhaerent,

270 2751 567 2807 ardescunt
600 2753 759 2808 facile
796 2753 1088 2822 extemplo,
1130 2751 1258 2819 quia
1291 2749 1466 2804 multa
1501 2764 1718 2817 quoque
1755 2747 1810 2799 in
1848 2763 1908 2803 se

271 2828 479 2883 semina
511 2830 722 2885 habent
757 2831 897 2899 iguis
935 2834 1169 2899 stuppae
1204 2827 1511 2896 taedaeque
1546 2825 1780 2879 latentis.

270 2921 449 2958 nonne
483 2905 638 2960 vides
673 2908 857 2975 etiam,
896 2910 1165 2960 nocturna
1201 2904 1274 2958 ad
1307 2903 1514 2957 lumina
1548 2901 1719 2955 limun
1905 2913 1981 2952 900

269 2995 446 3047 nuper
479 2981 574 3033 ubi
612 2984 918 3037 extinctum
955 2983 1262 3050 admoveas,
1295 2978 1582 3033 accendier
1617 2982 1748 3032 ante

271 3070 436 3121 quam
471 3056 660 3123 tetigit
697 3058 986 3126 flammam,
1020 3057 1357 3124 taedamque
1389 3054 1511 3123 pari
1546 3055 1795 3108 ratione?

269 3128 551 3197 multaque
585 3137 874 3199 praeterea
908 3134 1063 3201 prius
1097 3133 1217 3199 ipso
1253 3135 1405 3183 taeta
1441 3146 1646 3197 vapore

268 3202 478 3256 eminus
512 3205 811 3260 ardescunt
845 3223 1010 3278 quam
1045 3205 1346 3259 comminus
1381 3204 1595 3257 imbuat
1629 3204 1782 3270 ignis.
