2259 3442
1147 98 1216 156 II
1953 103 2033 161 59

317 219 418 259 nec
451 202 752 259 tuditantia
784 219 903 259 rem
937 205 1158 259 cessant
1191 202 1529 259 extrinsecus
1561 202 1730 259 ullam

314 296 548 351 corpora
581 281 846 335 conficere
881 283 941 336 ct
974 279 1156 350 plagis
1188 279 1389 334 infesta
1420 279 1660 335 domare.

384 356 474 412 Sic
508 357 678 425 igitur
711 357 893 426 magni
928 373 1149 426 quoque
1185 357 1390 412 circum
1424 356 1641 410 moenia
1674 357 1866 412 mundi

210 445 299 483 ωε
313 437 631 504 expugnata
664 432 876 487 dabunt
910 433 1090 487 labem
1124 433 1416 503 putrisque
1450 432 1651 488 ruinas.

312 511 531 580 iamque
565 510 703 564 adeo
737 509 914 565 fracta
947 514 1035 565 est
1068 514 1223 564 aetas
1257 510 1528 579 effetaque
1560 510 1727 565 tellus
1940 528 2037 568 1150

313 587 406 643 vix
441 588 697 642 animalia
729 604 901 658 parva
934 591 1089 642 creat
1124 604 1267 658 quae
1303 590 1501 642 cuncta
1535 588 1746 643 creavit

311 665 492 720 saecla
526 664 795 734 deditque
829 665 1070 719 ferarum
1100 665 1351 733 ingentia
1384 682 1616 735 corpora
1647 670 1828 737 partu.

311 741 471 808 haud,
505 746 569 797 ut
603 742 807 812 opinor,
844 742 988 797 enim
1022 742 1277 797 mortalia
1310 741 1490 797 mola
1523 759 1756 812 superne

311 835 477 873 aurea
511 820 584 874 de
621 819 772 874 caelo
808 818 1033 874 demisit
1066 820 1213 873 funis
1246 820 1302 873 in
1339 835 1472 873 arva
1514 811 1703 871 ,nm
1728 860 1733 875 ,
1760 798 2071 869 flachMf

311 912 411 950 nec
447 912 596 950 mare
629 913 730 950 nec
765 897 963 950 fluctus
996 895 1306 965 plangentis
1341 911 1473 950 saxa
1506 899 1777 963 crearunt,
1945 911 2036 950 1155

310 973 411 1026 sed
443 973 634 1040 genuit
667 974 833 1027 tellus
868 971 1062 1026 eadem
1099 989 1242 1040 quae
1275 989 1417 1026 nunc
1455 971 1554 1025 alit
1588 988 1657 1025 ex
1693 987 1767 1025 se.
1880 1002 1889 1007 -

308 1055 602 1119 praeterea
635 1050 841 1104 nitidas
876 1050 1062 1118 fruges
1096 1049 1392 1118 vinetaque
1426 1048 1575 1101 laeta

311 1131 506 1195 sponte
542 1143 641 1179 sua
671 1126 908 1194 primum
942 1125 1264 1179 mortalibus
1296 1125 1416 1195 ipsa
1448 1124 1671 1192 creavit,

309 1209 430 1272 ipsa
466 1202 623 1256 dedit
658 1202 831 1256 dulcis
865 1200 1011 1256 fctus
1045 1206 1105 1256 et
1139 1201 1341 1271 pabula
1374 1202 1552 1268 laeta3

312 1295 452 1346 quae
487 1295 631 1333 nunc
667 1279 759 1332 vix
795 1281 982 1332 nostro
1015 1277 1390 1345 grandescunt
1422 1280 1586 1332 aucta
1617 1277 1822 1347 labore,
1933 1295 2032 1336 1160

309 1355 753 1424 conterimusque
787 1354 953 1409 boves
989 1359 1047 1409 et
1081 1353 1215 1408 viris
1249 1354 1623 1424 agricolarum,

287 1431 624 1486 ,conficimus
657 1431 862 1485 sermm
896 1432 987 1485 vix
1022 1432 1168 1485 arvis
1202 1431 1574 1502 suppeditati:

310 1526 484 1576 usque
516 1508 659 1563 adeo
692 1512 927 1578 parcunt
958 1509 1108 1563 fetus
1142 1513 1462 1578 augentque
1496 1508 1757 1567 laborer..

307 1584 527 1654 iamque
561 1590 727 1656 caput
763 1602 1025 1655 quassans
1059 1586 1285 1654 grandis
1320 1586 1561 1657 suspirat
1594 1590 1780 1641 arator

309 1661 569 1729 crebrius,
605 1663 874 1717 incassum
909 1679 1169 1717 manuum
1202 1662 1469 1718 cecidisse
1503 1663 1734 1732 laboreS,
1932 1680 2028 1719 1165

311 1741 371 1792 et
404 1756 524 1793 cum
563 1743 813 1810 tempora
846 1739 1189 1810 temporibus
1223 1741 1538 1809 praesentia
1569 1741 1783 1796 confert
1872 1752 1875 1755 “

309 1816 636 1882 praeteritis,
671 1816 859 1870 laudat
893 1816 1140 1869 fortunas
1176 1832 1341 1885 saepe
1374 1817 1619 1884 parentis

207 1892 295 1926 ¹¹⁷⁰
311 1893 370 1944 et
405 1896 612 1961 crepat,
648 1892 892 1945 anticum
925 1907 1100 1958 genus
1134 1895 1199 1944 ut
1234 1891 1444 1960 pietate
1478 1892 1753 1961 repletum

310 1967 570 2036 perfacile
605 1967 852 2035 angustis
886 1966 1138 2020 tolerarit
1172 1967 1372 2020 finibus
1405 1982 1610 2035 aevom,

311 2060 435 2097 cum
469 2043 647 2097 minor
683 2047 831 2097 esset
857 2043 982 2112 agri
1017 2042 1192 2096 multo
1228 2042 1422 2096 modus
1457 2046 1586 2097 anto
1620 2042 1840 2098 viritim.
1928 2060 2023 2100 117⁰

208 2127 293 2161 ¹¹⁶⁸
309 2120 485 2174 tristis
517 2120 652 2174 item
686 2120 903 2174 vetulae
937 2120 1064 2174 vitis
1098 2123 1250 2174 sator
1282 2123 1451 2189 atque
1484 2120 1658 2175 vietae

287 2196 577 2266 ‘temporis
611 2197 826 2251 incusat
856 2213 1073 2250 momen
1106 2196 1427 2267 caelumque
1462 2196 1662 2265 fatigat

210 2286 295 2320 11⁷³
312 2289 412 2327 nec
444 2276 602 2329 tenet
636 2274 815 2327 omnia
847 2273 1112 2342 paulatim
1146 2272 1432 2328 tabescere
1465 2276 1526 2328 et
1558 2273 1641 2328 ire

313 2350 386 2405 ad
419 2350 669 2421 capulum
706 2349 885 2420 spatio
918 2349 1118 2405 aetatis
1152 2348 1371 2405 defessa
1403 2351 1635 2406 vetusto.

1623 2532 1683 2567 :aba
