2259 3442
1120 110 1210 164 Vi

294 215 527 269 flumina
559 214 847 269 abundare
873 218 938 269 ut
972 214 1218 268 facerent
1251 230 1581 284 camposque
1617 220 1824 283 natare,

295 291 351 345 si
387 308 496 346 non
532 292 800 345 extructis
835 291 979 345 foret
1013 291 1125 345 alte
1162 290 1398 344 nubibus
1433 292 1641 346 aether.

294 368 389 423 hic
424 369 594 437 igitur
627 368 804 422 ventis
839 371 1006 437 atque
1040 363 1257 434 ignibus
1293 367 1474 420 omnia
1505 368 1667 436 plena

296 449 460 510 sunt3
496 444 623 499 ideo
659 445 861 514 passim
898 443 1153 497 fremitus
1188 447 1247 496 ct
1280 443 1498 513 fulgura
1533 445 1686 499 fiunt.

294 523 505 591 quippe
542 521 747 575 etenim
784 537 950 589 supra
985 519 1148 573 docui
1181 522 1458 589 permulta
1491 522 1708 591 vaporis
1732 519 1745 531 ⁶

296 599 510 652 semina
544 597 749 652 habere
786 614 944 652 cavas
978 596 1155 650 nubes
1192 598 1251 650 ct
1284 596 1458 651 multa
1492 601 1771 652 necessest

295 675 586 743 concipere
602 690 608 694 ·
624 691 693 728 ex
729 674 858 728 solis
892 672 1062 726 radiis
1100 672 1410 742 ardoreque
1445 690 1648 728 corum.

297 750 404 806 hoc
438 750 534 805 ubi
568 755 765 807 ventus
799 767 892 804 cas
927 749 1077 803 idem
1113 750 1211 819 qui
1246 750 1394 819 cogit
1428 751 1485 804 in
1521 767 1689 804 unum

295 828 445 882 forte
480 828 658 882 locum
695 827 958 897 quemvis,
993 827 1267 895 expressit
1301 826 1476 880 multa
1508 828 1722 895 vaporis

299 905 511 958 semina
546 920 713 973 seque
750 903 908 957 simul
944 920 1068 957 cum
1103 920 1170 956 eo
1207 902 1550 957 commiscuit
1583 904 1711 971 igni,

298 980 610 1034 insinuatus
646 980 722 1033 ibi
758 985 954 1033 vortex
990 983 1245 1032 versatur
1281 979 1336 1031 in
1373 982 1496 1032 arto

299 1059 365 1110 ct
400 1056 591 1110 oelidis
626 1056 778 1109 acuit
810 1056 1019 1108 fulmen
1053 1054 1365 1108 fornacibus
1398 1055 1561 1108 intus.

301 1149 431 1185 nam
468 1131 676 1199 duplici
711 1131 924 1184 ratione
960 1130 1293 1195 accondittu·‚
1327 1131 1447 1199 ipsc
1482 1145 1581 1183 sua
1614 1146 1738 1184 cum

301 1206 611 1262 mobilitate
649 1207 872 1260 calescit
907 1211 967 1260 et
1002 1223 1034 1260 e
1066 1206 1394 1273 contagibus
1426 1206 1584 1274 ignis.

299 1284 433 1338 indo
467 1283 562 1337 ubi
596 1283 865 1354 percaluit
900 1284 1050 1337 venti
1084 1284 1167 1336 vis
1199 1289 1254 1336 et
1286 1282 1470 1351 gravis
1505 1282 1649 1351 ignis

297 1361 541 1430 impetus
575 1360 814 1427 incessit,
853 1365 1130 1413 maturum
1167 1363 1286 1413 tum
1322 1359 1480 1429 quasi
1515 1358 1723 1412 fulmen

301 1436 607 1505 perscindit
642 1435 823 1491 subito
857 1435 1075 1504 nubem,
1110 1437 1395 1506 ferturque
1429 1436 1669 1490 coruscis

302 1513 487 1567 omnia
518 1512 812 1567 luminibus
849 1513 1090 1567 lustrans
1125 1512 1245 1567 loca
1280 1513 1524 1583 percitus
1558 1512 1739 1567 ardor.

300 1607 466 1658 quem
502 1590 686 1660 gravis
719 1589 1026 1658 insequitur
1062 1590 1285 1656 sonitus,
1324 1590 1562 1659 displosa
1596 1591 1827 1659 repente

302 1667 615 1736 opprimere
649 1669 714 1721 ut
748 1667 885 1721 caeli
920 1666 1177 1721 videatur
1211 1667 1421 1736 templa
1456 1683 1706 1736 superne.

301 1742 432 1796 inde
467 1747 675 1797 tremor
710 1746 889 1796 terras
924 1744 1171 1811 graviter
1207 1747 1549 1813 pertemptat
1584 1747 1644 1797 ct
1677 1742 1851 1796 altum

302 1833 585 1871 murmura
618 1834 948 1887 percurrunt
982 1818 1207 1872 caelum.
1243 1835 1369 1870 nam
1404 1824 1526 1872 tota
1557 1819 1676 1872 fere
1710 1821 1828 1872 tum

305 1897 609 1963 tempestas
645 1909 905 1947 concussa
940 1894 1130 1947 tremit
1165 1894 1530 1963 fremitusque
1566 1897 1869 1949 moventur.

304 1987 415 2040 quo
451 1970 524 2024 de
559 1986 825 2025 concussu
859 1970 1106 2037 sequitur
1139 1969 1323 2039 gravis
1358 1969 1536 2024 imber
1570 1973 1630 2025 et
1662 1970 1817 2041 uber,

306 2047 481 2101 omnis
515 2048 601 2101 uti
636 2046 891 2100 videatur
922 2046 982 2099 in
1014 2046 1247 2101 imbrem
1283 2046 1489 2100 vertier
1524 2046 1717 2102 aether

306 2127 475 2193 atque
508 2123 590 2177 ita
624 2123 995 2193 praecipitans
1031 2123 1104 2176 ad
1141 2123 1400 2177 diluviem
1438 2124 1711 2179 revocari:

307 2204 494 2254 tantus
530 2199 759 2254 discidio
793 2199 955 2253 nubis
989 2200 1249 2267 ventique
1283 2199 1521 2268 procella

309 2277 562 2344 mittitur,
598 2276 815 2330 ardenti
852 2277 1062 2330 sonitus
1097 2293 1223 2331 cum
1259 2276 1511 2346 provolat
1550 2276 1680 2330 ictu.

308 2357 393 2407 cst
428 2354 592 2408 otiam
627 2371 753 2408 cum
789 2355 871 2407 vis
905 2354 1248 2407 extrinsecus
1283 2352 1453 2408 incita
1487 2355 1635 2407 venti

308 2429 499 2484 incidit
532 2431 588 2484 in
623 2430 855 2484 calidam
891 2433 1107 2483 maturo
1142 2429 1369 2484 fulmine
1405 2428 1638 2496 nubem;

309 2523 470 2574 quam
506 2522 629 2559 cum
662 2506 942 2574 perscidit,
979 2506 1257 2575 extemplo
1293 2506 1443 2560 cadit
1477 2506 1669 2574 igneus
1701 2506 1796 2560 illc

310 2585 498 2636 vertex
534 2598 697 2650 quem
731 2582 912 2651 patrio
946 2581 1250 2635 vocitamus
1283 2583 1502 2636 nomine
1538 2582 1760 2635 fulmen.

311 2658 410 2712 hoc
444 2659 510 2713 fit
544 2657 693 2711 idem
728 2659 786 2710 in
820 2658 995 2725 partis
1031 2658 1178 2723 alias,
1213 2674 1557 2727 quocumque
1592 2659 1724 2712 tulit
1758 2657 1856 2711 vis.

313 2735 374 2790 fit
408 2750 626 2807 quoque
661 2736 726 2788 ut
761 2732 1041 2788 interdum
1079 2735 1226 2787 venti
1262 2734 1345 2788 vis
1380 2734 1545 2787 missa
1580 2734 1696 2788 sinc
1732 2733 1847 2802 igni

310 2811 538 2880 igniscat
571 2813 756 2864 tamen
790 2810 847 2862 in
884 2810 1061 2879 spatio
1093 2809 1364 2880 longoque
1396 2813 1599 2878 meatu,

313 2888 440 2942 dum
475 2886 641 2953 venit,
677 2886 939 2941 amittens
972 2887 1029 2939 in
1063 2903 1229 2940 cursu
1264 2904 1491 2956 corpora
1525 2886 1798 2956 quaedam

1895 114 2006 171 165

1940 459 2013 512 27⁰

1943 838 2016 882 275

1943 2747 2019 2788 3⁰0

313 2963 537 3033 grandia
572 2979 713 3032 quae
746 2966 1026 3031 nequeunt
1059 2963 1270 3032 pariter
1304 2967 1599 3033 penetrare
1632 2980 1735 3032 per
1768 2979 1961 3031 auras3

315 3043 476 3109 atque
509 3040 617 3093 alia
652 3057 719 3093 ex
755 3040 875 3109 ipso
908 3038 1209 3093 conradens
1243 3056 1371 3094 aere
1405 3043 1596 3109 portat

315 3116 533 3185 parvola
567 3133 706 3185 quae
739 3116 947 3170 faciunt
981 3115 1162 3183 ignem
1197 3116 1495 3170 commixta
1530 3116 1792 3184 voland03

316 3209 415 3246 non
452 3192 559 3246 alia
593 3193 754 3261 longe
787 3193 1001 3247 ratione
1035 3207 1099 3247 ac
1136 3192 1392 3261 plumbea
1412 3208 1592 3263 saepe
