2259 3442
1026 0 1066 21 *7

1138 55 1251 166 ιΙΙΙ
1963 117 2040 176 69

347 218 414 270 ut
445 214 661 280 videas,-
682 214 939 284 quoniam
973 214 1312 268 coniunctast
1349 232 1511 269 eausa
1546 218 1751 286 salutis,

345 292 689 345 coniunctam
725 307 945 360 quoque
979 294 1232 345 naturam
1267 292 1565 345 consistere
1601 309 1805 347 eorum.

339 390 350 409 ι
412 368 597 437 [Quod
633 371 900 436 superest,
938 368 1105 437 siquis
1141 384 1339 436 corpus
1374 367 1580 422 sent-ire
1615 370 1822 424 refutat
1971 386 2046 425 350

342 448 514 512 atque
550 444 785 498 animam
821 444 999 498 credit
1033 445 1365 513 permixtam
1402 461 1630 514 corpore
1666 448 1786 500 toto

343 521 623 590 suscipere
660 521 802 575 hune
837 525 1045 575 motum
1082 537 1247 590 quem
1283 537 1501 574 sensum
1535 516 1936 590 nominitamus,

343 597 430 651 vel
466 597 782 650 manifestas
816 614 906 651 res
940 601 1130 651 contra
1165 613 1433 666 verasque
1469 600 1754 667 repugnat.
1814 598 1819 599 ⁷

343 672 481 741 quid
516 673 588 727 sit
623 673 771 727 enim
807 690 1002 742 eorpus
1038 673 1242 727 sentire
1278 674 1402 742 quis
1437 673 1652 729 adferet
1683 691 1959 745 umquam,

341 750 389 803 si
409 766 534 803 non
568 749 687 818 ipsa
721 749 905 818 palam
940 749 1091 819 quod
1125 766 1215 803 res
1251 749 1409 803 dedit
1445 766 1507 803 ae
1543 751 1730 807 docuit
1763 753 1894 806 nos?
1972 765 2044 805 355

341 829 402 879 at
437 825 661 880 dimissa
696 826 875 880 anima
909 843 1108 897 eorpus
1143 833 1297 880 caret
1331 826 1574 896 undique
1610 844 1803 893 sensu3

335 902 529 973 perdit
562 902 708 957 enim
742 903 891 972 quod
925 920 1031 956 non
1068 903 1349 971 proprium
1384 902 1491 957 fuit
1525 903 1643 957 eius
1677 904 1732 957 in
1766 920 1914 959 aevo.

315 993 374 1047 χ11
383 994 605 1032 ULTAQUR
624 995 907 1027 PRARTRREA
927 994 1176 1026 mmmmm
1198 994 1501 1026 EXPELLITUR
1521 995 1648 1027 AEVO
1667 996 1808 1034 QUAM
1824 974 1853 1039 Ὗ

413 1054 613 1108 Dicere
646 1070 809 1123 porro
843 1055 1027 1108 oeulos
1062 1054 1267 1107 nullam
1302 1072 1421 1108 rem
1455 1072 1680 1109 eernere
1715 1073 1890 1124 posse,

341 1129 444 1182 sed
477 1145 578 1196 per
611 1146 708 1183 eos
739 1130 979 1183 animum
1013 1133 1078 1183 ut
1112 1130 1322 1184 foribus
1357 1135 1607 1199 spectare
1642 1132 1885 1199 reclusis,
1968 1147 2044 1186 360

343 1204 667 1273 desiperest‚
703 1208 895 1258 contra
928 1222 1051 1259 cum
1088 1222 1279 1260 sensus
1315 1207 1463 1260 dicat
1496 1223 1715 1286 eorum3

342 1294 520 1328 SENSUS
540 1296 663 1328 mun
684 1296 869 1328 TRAHU·
887 1297 1048 1336 A'rQun
1066 1297 1205 1330 Aoum
1231 1298 1476 1331 Buranun·
1502 1299 1570 1331 AD
1591 1299 1721 1332 IPSAS

339 1351 550 1420 fulgida
585 1352 910 1421 praesertim
942 1369 1068 1405 eum
1103 1369 1328 1406 cernere
1364 1370 1527 1422 saepe
1563 1354 1867 1424 nequimus,

343 1428 550 1482 lumina
584 1428 879 1482 luminibus
914 1429 1043 1497 quia
1079 1429 1235 1481 nobis
1270 1429 1724 1498 praepediuntur.

340 1504 491 1574 quod
508 1505 713 1558 foribus
733 1522 839 1558 non
857 1505 921 1558 fit
935 1525 949 1569 ;
973 1521 1154 1574 neque
1178 1505 1337 1572 enim,
1362 1506 1492 1574 quia
1515 1507 1789 1561 cernimus
1804 1505 1926 1576 ipsi,
1971 1519 2046 1561 365

341 1582 482 1635 ostia
517 1581 820 1650 suscipiunt
854 1580 1026 1635 ullum
1061 1578 1276 1634 reclusa
1309 1581 1565 1635 laborem.

339 1661 630 1725 praeterea
666 1657 713 1710 si
749 1673 841 1726 pro
877 1657 1085 1714 foribus
1120 1659 1251 1710 sunt
1287 1656 1493 1711 lumina
1526 1661 1729 1727 nostra,

339 1733 449 1787 iam
485 1735 659 1801 magis
695 1735 970 1804 exemptis
1002 1733 1175 1789 oculis
1210 1731 1416 1786 debere
1452 1734 1670 1786 videtur

339 1826 565 1864 eernere
600 1826 689 1862 res
726 1809 937 1864 animus
972 1805 1207 1861 sublatis
1235 1809 1488 1876 postibus
1521 1809 1669 1876 ipsis.

359 1916 365 1927 ·
412 1885 562 1938 Illud
596 1884 653 1938 in
691 1884 777 1937 his
812 1885 973 1938 rebus
1004 1899 1355 1951 nequaquam
1393 1900 1610 1938 sumere
1644 1885 1834 1954 possis,
1971 1900 2045 1942 370

341 1960 644 2015 Democriti
681 1959 831 2028 quod
863 1963 1053 2014 sancta
1086 1959 1190 2014 viri
1225 1959 1501 2013 sententia
1537 1961 1708 2027 ponit,

338 2035 582 2106 corporis
617 2039 784 2102 atque
818 2035 984 2087 animi
1021 2030 1324 2103 primordia
1358 2035 1569 2102 singula
1602 2035 1789 2104 privis-

338 2112 592 2182 adposita
622 2110 857 2168 alternis
890 2110 1117 2176 variare,
1152 2127 1218 2165 ac
1253 2115 1477 2164 nectere
1511 2111 1771 2165 membra.

335 2206 463 2243 nam
497 2205 621 2242 cum
655 2186 827 2241 multo
863 2194 991 2241 sunt
1026 2188 1240 2241 animae
1277 2186 1559 2241 elementa·
1582 2187 1794 2241 minora

335 2281 504 2334 quam
540 2264 737 2332 quibus
773 2280 805 2317 e
839 2280 1033 2333 eorpus
1067 2264 1225 2317 nobis
1260 2267 1319 2318 et
1355 2263 1562 2317 viscera
1599 2267 1867 2331 constant,
1963 2279 2041 2320 375

336 2345 457 2396 tum
489 2355 718 2394 numero
755 2356 973 2408 quoque
1008 2339 1318 2394 concedunt
1353 2343 1413 2395 et
1447 2357 1574 2394 rara
1610 2357 1711 2410 per
1744 2345 1901 2396 artus

335 2418 529 2471 dissita
564 2419 692 2470 sunt
728 2415 1048 2481 dumtaxat3
1082 2420 1147 2470 ut
1183 2417 1285 2471 hoe
1321 2417 1646 2486 promittere
1683 2418 1874 2487 possis,

302 2490 305 2501 ’
335 2493 601 2563 quantula
634 2492 789 2561 priva
824 2499 1028 2560 queant
1062 2493 1222 2547 nobis
1255 2494 1456 2548 iniecta
1493 2494 1639 2548 ciere

308 2573 566 2638 'corpora
600 2566 889 2621 sensiferos
924 2571 1106 2622 motus
1140 2570 1197 2622 iu
1234 2586 1472 2638 corpore,
1508 2573 1665 2623 tanta

333 2643 625 2701 intervalla
658 2645 849 2697 tenere
883 2645 1109 2696 exordia
1144 2645 1298 2711 priva
1332 2645 1547 2698 animai.
1962 2659 2037 2698 aso

335 2738 464 2775 nam
499 2736 680 2789 neque
715 2718 953 2787 pulveris
987 2719 1268 2773 interdum
1288 2721 1569 2774 ‘sentimus
1604 2720 1902 2774 adhaesum

336 2812 563 2864 corpore
598 2812 699 2850 nec
732 2795 995 2849 membris
1028 2795 1299 2850 incussam
1336 2796 1517 2850 sidere
1551 2800 1776 2864 cretam,

336 2890 437 2928 nec
473 2871 726 2927 nebulam
761 2875 926 2924 noctu
962 2888 1142 2941 neque
1175 2872 1364 2926 aranei
1400 2872 1585 2926 tenvia
1619 2872 1711 2926 fila

321 2949 497 3003 'obvia
531 2949 813 3015 sentimus,
850 2948 1067 3017 quando
1103 2948 1408 3003 obretimur
1443 2953 1652 3018 eunteS,

334 3043 439 3081 nee
473 3041 673 3095 supera
708 3030 874 3093 caput
908 3025 1154 3081 eiusdem
1190 3025 1452 3081 cecidisse
1488 3027 1689 3080 vietam
1964 3038 2040 3078 385

336 3106 546 3155 vestem
581 3118 682 3155 nce
717 3101 928 3170 plumas
962 3102 1144 3157 avium
1178 3119 1499 3173 papposque
1532 3104 1765 3159 volantis

336 3178 434 3247 qui
468 3178 635 3232 nimia
667 3177 896 3234 levitate
929 3179 1136 3235 eadunt
1170 3179 1496 3250 plerumque
1529 3180 1813 3250 gravatim,
