2259 3442
197 87 274 144 20
704 110 709 113 ·
1004 84 1063 140 -Ι

195 189 514 261 corporibus
547 187 754 243 faciunt
788 204 968 257 neque
1001 204 1228 256 pausam
1263 191 1413 243 stare
1446 188 1654 258 fragori

197 285 297 322 nec
333 283 582 337 prorsum
616 266 673 320 in
708 264 874 320 rebus
911 263 1193 317 minimum
1227 265 1528 319 consistere
1565 267 1862 336 quicquam
1873 289 1898 335 ;

197 362 321 399 cum
355 343 637 399 videamus
672 342 733 396 iel
767 346 1074 397 extremum
1111 341 1370 410 cuiusque
1406 359 1661 397 cacumen

196 439 316 476 esse
346 420 497 492 quod
530 420 604 474 ad
639 435 828 473 sensus
857 422 1073 471 nostros
1101 418 1384 472 minimum
1413 436 1534 473 esse
1561 421 1796 490 videtur,
1830 437 1902 477 750

196 499 443 553 conicere
479 500 543 551 ut
578 496 749 565 pessis
785 511 854 549 ex
889 494 1006 562 hoc,
1042 511 1182 584 quae
1218 512 1442 550 cernere
1476 513 1585 549 non
1655 499 1741 551 uis

197 578 504 629 extremum
540 573 689 642 quod
724 571 943 638 habent,
983 573 1264 626 minimum
1301 563 1599 629 consistere
1634 593 1703 629 ἰη
1738 575 1866 631 illis.

197 651 303 705 huc
338 649 550 706 accedit
585 651 734 718 item,
775 652 1029 720 quoniam
1067 651 1369 719 primordia
1404 668 1588 706 rerum

197 728 381 782 mollia
415 728 769 795 constituunt,
808 745 949 797 quae
988 745 1085 781 nes
1122 729 1309 782 nativa
1343 727 1590 782 videmus

199 820 319 858 esse
356 807 414 858 ct
447 804 666 857 mortali
704 821 826 857 cum
864 821 1088 873 corpere
1126 805 1387 868 mnditia,
1421 808 1593 874 utque
1831 819 1903 858 756

158 880 402 957 ρ(ἱειῑιθειίι
436 880 507 933 ad
545 880 712 934 nilum
750 880 857 933 iam
893 898 1077 934 rerum
1114 898 1327 936 summa
1356 883 1560 936 reverti

201 956 271 1010 de
306 957 524 1026 nileque
559 961 751 1011 renata
788 957 1065 1026 vigescere
1099 958 1255 1027 copia
1289 974 1503 1023 rerum3

199 1050 430 1102 querum
467 1037 760 1104 utrumque
794 1033 929 1104 quid
964 1052 998 1089 a.
1032 1051 1163 1090 vere
1195 1036 1305 1089 iam
1340 1034 1513 1088 distet
1545 1033 1787 1088 habebis,

201 1110 400 1165 deiude
434 1111 651 1165 inimica
685 1112 863 1166 modis
897 1112 1086 1166 mulbis
1122 1116 1252 1166 sunt
1286 1115 1452 1180 atque
1488 1127 1699 1164 veneno

199 1187 320 1257 ipsa
355 1188 459 1242 sibi
496 1189 641 1243 inter
676 1205 765 1254 se3
817 1205 985 1258 quare
1021 1192 1118 1241 aut,
1154 1204 1443 1256 congressa
1478 1187 1736 1257 peribunt
1833 1198 1907 1240 ‘7oe

201 1268 296 1319 aut
330 1265 410 1318 ita
445 1264 734 1333 diffugient
771 1269 834 1318 ut
869 1267 1202 1331 tempestate
1238 1267 1424 1317 coacta

138 1340 430 1428 {fulmina
465 1341 733 1406 diffugere
771 1344 938 1408 atque
973 1339 1162 1392 imbris
1202 1344 1501 1407 ventosque
1537 1339 1800 1392 videmus.

277 1416 523 1484 Denique
558 1418 820 1484 quattuor
856 1431 925 1467 ex
962 1414 1126 1467 rebus
1167 1415 1212 1467 si
1249 1418 1445 1467 cuncta
1477 1416 1734 1467 creantur

171 1476 174 1483 ’
166 1494 418 1565 atque
403 1492 459 1543 in
495 1508 588 1544 eas
623 1507 838 1542 rursum
876 1507 966 1544 res
1002 1490 1183 1543 omnia.
1218 1489 1606 1559 dissoluuntur,

202 1567 296 1635 qui
332 1567 506 1634 magis
540 1567 632 1619 illa
671 1571 882 1634 queunt
921 1582 1105 1620 rerum
1143 1565 1444 1635 primordia
1479 1564 1585 1618 dici
1837 1572 1930 1620 wc'

204 1660 367 1711 quam
404 1649 592 1696 contr-i
629 1660 718 1696 res
754 1643 969 1697 illorum
1006 1645 1268 1711 retroque
1302 1642 1518 1711 putari?

204 1720 428 1774 alternis
462 1719 763 1788 gignuntur
799 1720 943 1774 enim
980 1722 1304 1788 mutantque
1339 1718 1574 1772 colerem

206 1799 265 1850 et
299 1800 474 1849 tetam
511 1796 656 1849 inter
691 1813 749 1849 se
785 1802 1038 1851 naturam
1075 1798 1326 1864 tempore
1359 1794 1430 1848 ab
1467 1795 1627 1849 omni.

207 1873 291 1926 sin
325 1873 406 1926 itm.
439 1874 582 1927 forte
617 1876 778 1942 putas
814 1873 954 1942 ignis
990 1876 1320 1962 terraeque
1317 1872 1462 1926 coire
1838 1884 1910 1926 770

208 1965 405 2018 cerpus
440 1953 498 2003 ct
534 1950 710 2004 aerias
746 1967 904 2005 aunis
940 1966 1233 2019 roremque
1268 1936 1507 2018 hqueriS,
1597 1953 1718 2003 25'3

207 2026 283 2079 nil
320 2026 376 2079 in
414 2027 638 2085 concilio
675 2030 928 2081 naturam
963 2031 1027 2081 ut
1062 2030 1242 2080 mutet
1277 2043 1478 2093 cerum,

208 2102 357 2155 nulla
390 2102 491 2156 tibi
528 2120 596 2157 ex
631 2103 739 2156 illis
776 2105 982 2171 poterit
1016 2119 1105 2156 res
1143 2119 1263 2155 esse
1298 2107 1497 2168 creata,

207 2194 314 2230 nou
351 2178 608 2245 animam,
647 2196 753 2232 non
793 2180 1042 2232 exanimo
1080 2195 1204 2231 cum
1241 2194 1482 2246 corpore,
1517 2181 1583 2231 ut
1618 2177 1795 2230 arbes,
1866 2180 1873 2187 '

210 2253 413 2321 quippe
450 2271 602 2307 suam
643 2255 877 2323 quicque
913 2255 968 2307 in
1006 2258 1168 2308 coctu
1202 2253 1466 2306 variantis
1502 2254 1680 2305 acervi
1840 2265 1914 2308 775

213 2332 464 2382 naturam
502 2329 760 2382 esbcndct
796 2330 1111 2397 mixtusque
1146 2327 1428 2381 videbitur
1464 2346 1559 2381 aer

156 2455 162 2460 .
208 2421 331 2457 cum
366 2408 515 2458 terra
551 2405 709 2458 simul
747 2408 915 2474 atque
950 2405 1115 2458 arder
1151 2421 1274 2459 cum
1310 2421 1434 2457 rore
1470 2420 1706 2459 manere.

208 2484 267 2535 at
302 2482 598 2550 primordia
634 2482 927 2551 gignundis
964 2483 1020 2536 iu
1057 2483 1221 2538 rebus
1257 2487 1477 2554 oportet

210 2561 462 2612 naturam
498 2559 889 2614 clandestinam
928 2577 1254 2629 caecamque
1290 2560 1567 2629 adhibere,

211 2636 450 2690 emineat
483 2637 689 2706 nequid
724 2638 871 2706 quod
907 2643 1099 2692 contra
1135 2641 1343 2708 pugnet
1379 2643 1438 2693 et
1473 2637 1658 2692 obstet
1842 2651 1918 2691 τεο

211 2712 496 2780 queminus
533 2730 652 2768 csse
692 2718 859 2784 queat
895 2716 1117 2785 proprie
1156 2716 1537 2785 quodcumque
1572 2718 1806 2768 creatur.

285 2789 427 2854 Quin
463 2791 628 2845 etiam
664 2796 924 2862 repetunt
959 2810 993 2846 a
1028 2794 1177 2847 caelo
1214 2798 1382 2861 atque
1417 2791 1633 2860 ignibus
1669 2790 1786 2844 eius

215 2868 272 2917 et
306 2865 541 2932 primuni
578 2868 785 2923 faciunt
820 2869 1004 2938 ignem
1042 2887 1100 2924 se
1138 2873 1355 2924 vertere
1391 2869 1445 2921 in
1482 2884 1641 2920 auras

216 2940 370 3008 aeriS,
407 2941 532 2996 hinc
568 2943 798 2998 imbrem
834 2946 985 3015 gigni
1022 2951 1338 3016 terramque
1374 2944 1548 3000 creari

216 3034 285 3070 ex
319 3018 478 3073 imbri
513 3025 774 3093 retroque
808 3041 842 3077 a
877 3030 1030 3079 terra
1064 3028 1261 3078 cuncta
1294 3023 1514 3087 reverti,
1843 3034 1917 3077 735

220 3110 462 3149 umorem
499 3098 754 3169 primum,
788 3104 916 3170 post,
950 3119 1095 3168 aera,
1135 3099 1335 3154 deinde
1372 3098 1622 3166 calorem,

217 3186 317 3223 nec
351 3189 565 3229 cessare
599 3175 733 3231 haec
769 3178 917 3232 inter
953 3194 1012 3232 se
1046 3180 1279 3240 mutare,
1313 3192 1496 3230 meare
