2259 3442
235 73 348 139 1223
1055 71 1118 127 V

227 173 539 229 diminuunt
573 173 851 242 radiisque
884 177 1142 228 retexens
1179 173 1456 227 aetherius
1490 173 1586 242 sol,

224 250 429 322 partim
466 250 614 318 quod
649 255 839 318 supter
872 267 974 319 per
994 246 1191 303 ‘terras
1228 248 1437 303 diditur
1473 250 1664 304 omnis,

225 327 539 398 percolatur
574 327 717 379 enim
755 326 901 379 virus
937 329 1197 394 retroque
1234 329 1482 380 remanat

225 403 486 471 materies
519 402 724 455 umoris
759 405 817 456 et
853 402 926 456 ad
960 406 1125 472 caput
1162 402 1409 456 amnibus
1444 403 1618 456 omnis
1865 418 1939 460 wo

224 480 488 545 convenit,
522 479 650 533 inde
686 495 849 547 super
884 481 1063 533 terras
1097 478 1220 533 fluit
1255 479 1469 547 agmine
1506 478 1651 533 dulci

226 572 336 624 qua
369 555 459 610 via
493 559 641 624 secta
676 554 843 608 semel
879 554 1085 624 liquido
1120 554 1268 623 pede
1304 554 1507 608 detulit
1539 554 1731 614 undas.

296 633 449 686 Aera
481 648 622 685 nunc
656 631 823 698 igitur
859 631 1038 684 dicam
1074 631 1170 699 qui
1205 647 1431 719 corpore
1465 633 1586 684 toto

223 705 692 761 innumerabiliter
725 707 909 775 privas
944 710 1194 761 mutatur
1230 707 1285 760 in
1322 705 1500 761 horas.

223 801 441 873 semper
463 783 621 849 enim,
646 782 1026 852 quodcumque
1051 782 1172 837 fluit
1196 782 1268 836 de
1291 782 1471 850 rebus,
1496 783 1555 837 id
1577 799 1738 837 omne
1859 796 1934 837 275

222 860 363 914 aeris
398 860 455 913 in
489 876 746 927 magnum
780 858 962 913 fertur
996 876 1178 925 mare;
1213 859 1307 927 qui
1341 859 1447 913 nisi
1481 862 1673 913 contra

225 953 471 1006 corpora
489 935 760 1004 retribuat
794 935 960 989 rebus
994 938 1316 1004 recreetque
1350 935 1590 1003 fluentis),

222 1013 402 1067 omnia
433 1013 543 1067 iam
577 1012 817 1066 resoluta
850 1012 1031 1066 forent
1066 1016 1125 1065 et
1159 1012 1215 1065 in
1251 1028 1381 1066 aera
1413 1028 1587 1068 versa.

220 1090 357 1144 haut
388 1091 558 1159 igitur
593 1092 770 1143 cessat
803 1089 953 1157 gigni
989 1088 1060 1142 de
1096 1088 1263 1142 rebus
1299 1091 1357 1142 et
1391 1089 1447 1141 in
1483 1105 1573 1146 res

222 1166 511 1235 reccidere,
546 1165 775 1219 adsidue
811 1165 1065 1233 quoniam
1099 1164 1271 1218 fluere
1306 1165 1487 1218 omnia
1520 1168 1752 1220 constat.
1852 1181 1928 1220 200

291 1243 501 1312 Largus
535 1233 670 1296 item
703 1241 899 1310 liquidi
933 1241 1054 1295 fons
1089 1241 1321 1306 luminis,
1357 1241 1632 1296 aetherius
1667 1241 1764 1309 sol,

218 1319 418 1386 inrigat
452 1318 682 1372 adsidue
717 1318 925 1371 caelum
961 1317 1196 1372 candore
1232 1317 1442 1371 recenti

220 1395 646 1465 suppeditatque
681 1411 821 1448 novo
856 1394 1140 1447 confestim
1175 1393 1378 1447 lumine
1413 1395 1613 1448 lumen.

218 1488 344 1524 nam
378 1471 615 1541 primum
653 1469 910 1539 quicquid
944 1469 1169 1536 fulgoris
1207 1470 1438 1538 disperit
1472 1472 1537 1538 ci,

218 1563 558 1615 quocumque
581 1545 791 1599 accidit.
816 1545 873 1598 id
896 1545 1024 1598 licet
1048 1544 1173 1599 hinc
1200 1562 1523 1614 cognoscere
1548 1547 1738 1615 possis,
1848 1562 1923 1603 28⁵

217 1622 364 1690 quod
399 1622 557 1675 simul
592 1638 655 1675 86
689 1621 927 1690 primum
962 1621 1138 1675 nubes
1172 1622 1464 1677 succedere
1496 1622 1598 1676 soli

216 1716 445 1767 coepere
479 1701 537 1751 et
573 1697 757 1751 radios
790 1698 935 1752 inter
972 1698 1126 1766 quasi
1162 1714 1416 1768 rumpere
1453 1698 1602 1763 lucis,

216 1775 494 1845 extemplo
529 1774 752 1828 inferior
786 1791 915 1844 pars
948 1774 1144 1828 horum
1181 1774 1413 1843 disperit
1447 1775 1622 1830 omnis

215 1856 475 1920 terraque
509 1851 854 1905 inumbratur
890 1868 999 1920 688
1032 1850 1204 1905 nimbi
1239 1868 1472 1921 cumque
1505 1851 1789 1919 feruntur;

216 1932 288 1994 ut,
314 1944 505 1983 noscas
540 1927 828 1997 splendore
863 1944 1001 1981 novo
1036 1943 1127 1980 res
1164 1943 1380 1996 semper
1415 1943 1580 1995 egere
1844 1943 1921 1983 290

216 2010 276 2060 ct
310 2006 545 2076 primum
580 2005 785 2059 iactum
820 2004 1048 2073 fulgoris
1082 2020 1355 2072 quemque
1390 2004 1572 2073 perire

214 2098 316 2136 nec
350 2082 563 2135 ratione
597 2081 703 2135 alia
738 2098 828 2136 168
862 2097 1023 2149 posse
1058 2080 1112 2133 in
1150 2079 1263 2133 sole
1299 2079 1488 2149 videri,

213 2161 481 2228 perpetuo
515 2157 572 2211 ni
609 2157 926 2227 suppeditet
961 2157 1098 2211 lucis
1132 2159 1302 2226 caput
1336 2156 1530 2225 ipsum.

214 2234 346 2303 quin
382 2234 547 2288 etiam
584 2237 850 2286 nocturna
882 2232 999 2301 tibi,
1035 2233 1323 2286 terrestria
1359 2249 1500 2302 quae
1535 2238 1678 2302 sunt,

210 2311 425 2374 lumina,
460 2309 766 2379 pendentes
801 2308 979 2377 lychni
1014 2309 1300 2378 claraeque
1335 2310 1571 2364 coruscis
1841 2324 1916 2365 mes

208 2385 518 2454 fulguribus
551 2385 781 2453 pingues
816 2384 990 2438 multa
1025 2385 1252 2453 caligine
1287 2384 1483 2439 taedae

210 2461 473 2516 consimili
506 2464 805 2530 properant
839 2461 1065 2529 ratione,
1101 2463 1299 2516 ardore
1334 2462 1596 2529 ministre,

210 2538 566 2608 suppeditare
599 2553 794 2591 novom
829 2537 1028 2606 lumen,
1062 2541 1303 2592 tremere
1338 2537 1557 2606 ignibus
1589 2538 1813 2606 instant,

206 2616 430 2682 instant,
465 2631 571 2668 nec
605 2613 726 2668 1668
759 2613 852 2667 lux
887 2614 1032 2668 inter
1067 2614 1224 2682 quasi
1260 2619 1423 2682 rupta
1456 2613 1730 2683 relinquit.

206 2708 382 2760 usque
416 2690 554 2744 adeo
587 2693 948 2758 properanter
982 2690 1051 2743 ab
1087 2689 1336 2744 omnibus
1370 2689 1587 2758 ignibus
1622 2690 1674 2743 ei
1839 2704 1915 2746 306

208 2767 436 2820 exitium
470 2766 634 2820 celeri
669 2766 877 2819 celatur
913 2766 1122 2833 origine
1157 2766 1421 2819 fiammae.
1670 2833 1687 2843 „

209 2843 286 2896 sic
320 2842 490 2909 igitur
517 2842 695 2905 ⁸solem
730 2842 913 2895 lunam
949 2843 1245 2911 stellasque
1277 2841 1641 2910 putandumst

208 2935 277 2971 cx
312 2917 419 2971 alio
454 2921 619 2986 atque
654 2918 759 2970 alio
795 2918 971 2971 lucem
1006 2920 1212 2973 iactare
1248 2917 1476 2971 subortu

207 2997 265 3048 et
298 2992 535 3061 primum
573 2992 836 3060 quicquid
871 2993 1209 3047 flammarum
1243 2993 1479 3063 perdere
1514 3009 1761 3062 semper;

204 3066 536 3122 inviolabilia
567 3066 702 3121 haec
737 3084 807 3121 ne
842 3070 1035 3122 credas
1068 3070 1213 3123 forte
1248 3069 1443 3135 vigere.
1835 3088 1910 3128 305

274 3142 524 3211 Denique
558 3158 665 3196 non
699 3142 910 3212 lapides
944 3162 1161 3214 quoque
1193 3145 1336 3197 vinci
1369 3144 1548 3198 cernis
1581 3144 1653 3199 ab
1687 3162 1836 3214 neve,
