2259 3442
290 196 546 251 materies
580 200 644 250 ut
680 193 1000 263 subpeditet
1033 192 1201 248 rebus
1234 191 1573 262 reparandis,

290 276 419 327 sunt
452 272 621 341 igitur
656 271 832 325 solida
866 269 1169 340 primordia
1203 269 1557 340 simplicitate

290 366 394 404 nec
426 352 637 403 ratione
673 354 882 416 queunt
916 347 1025 401 alia
1059 350 1280 405 servata
1312 363 1414 416 per
1448 361 1642 402 aevom

291 443 360 481 cx
393 425 604 479 infinito
640 426 748 478 iam
785 428 1032 493 temporo
1068 441 1159 479 res
1194 440 1464 493 reparare.
1926 435 2001 475 550

367 503 612 571 Denique
648 503 691 554 si
731 500 934 554 nullam
971 500 1136 555 finem
1172 505 1369 556 natura
1404 502 1655 568 parasset

290 577 607 646 frangendis
645 577 826 642 rebus,
863 578 970 630 iam
1006 592 1235 645 corpora
1268 577 1518 635 materiai

292 670 468 724 usque
504 654 726 709 redacta
762 654 942 708 forent
977 669 1110 707 aevo
1146 653 1434 722 frangente
1468 653 1667 722 priore,

256 731 263 775 ⁹
292 735 357 785 ut
391 731 466 785 nil
503 748 571 785 ex
608 731 714 785 illis
749 748 782 785 a
817 734 970 785 certo
1006 736 1256 799 temporo
1291 734 1479 798 posset

293 815 613 877 conceptum
649 823 918 865 summum
955 807 1157 861 aetatis
1190 807 1493 876 pervadere
1527 807 1609 861 ad
1636 813 1887 865 auctum.
1926 822 2000 861 aas

293 900 418 938 nam
454 884 670 954 quidvis
704 884 864 938 citius
901 882 1122 937 dissolvi
1160 900 1319 953 posse
1356 882 1604 937 videmus

296 976 458 1028 quam
495 977 682 1014 rursus
718 959 898 1024 refici,
885 979 898 991 ·
948 963 1283 1027 quapropter
1320 957 1481 1026 longa
1517 959 1628 1012 diei

293 1036 511 1089 infinita
546 1042 699 1089 aetas
733 1000 971 1088 anteacti
1006 1034 1272 1100 temporis
1307 1035 1481 1087 omnis

296 1111 448 1179 quod
483 1110 738 1177 fregisset
772 1109 951 1162 adhuc
989 1108 1305 1161 disturbans
1341 1108 1771 1184 dissoluensque‚

298 1201 594 1253 numquam
631 1184 834 1237 relicuo
871 1182 1112 1251 reparari
1149 1186 1397 1251 tempore
1432 1188 1635 1252 posset.
1931 1197 2004 1237 sm

300 1266 359 1316 ut
396 1276 537 1314 nunc
571 1258 825 1312 nimirum
862 1258 1153 1326 frangendi
1190 1259 1413 1313 reddita
1447 1259 1572 1314 finis

300 1342 453 1392 certa
487 1340 686 1400 manet,
723 1335 976 1404 quoniam
1012 1334 1165 1389 refici
1201 1352 1316 1390 rom
1354 1353 1628 1407 quamque
1663 1334 1917 1391 videmus

301 1419 360 1468 ct
396 1413 550 1467 finita
585 1412 741 1465 simul
777 1412 1089 1502 generatim
1117 1415 1367 1482 tempora
1401 1412 1564 1468 rebus

300 1498 461 1554 stare,
497 1488 694 1558 quibus
729 1489 939 1558 possint
972 1489 1093 1543 aevi
1129 1489 1468 1558 contingere
1481 1490 1688 1547 florem.

158 1563 406 1638 ff'huc
440 1565 653 1620 accedit
688 1566 788 1634 uti,
824 1565 1149 1622 solidissima
1186 1567 1435 1622 materiai
1930 1582 2005 1629 effi

297 1658 526 1712 corpora
560 1658 682 1697 cuni
719 1647 985 1709 constant,
1022 1644 1197 1713 possit
1234 1648 1434 1711 tamen,
1469 1646 1666 1713 omnia,
1701 1644 1880 1714 reddi,

298 1718 480 1773 mollia
516 1736 656 1788 quae
692 1720 847 1786 fiunt,
885 1736 981 1773 aer
1016 1714 1161 1788 aqu‘a‘
1192 1725 1343 1774 terra
1377 1738 1621 1790 vapores,

299 1812 409 1865 quo
443 1800 604 1864 pacto
641 1795 776 1850 fiant
812 1802 871 1849 et
905 1812 1014 1864 qua
1050 1797 1100 1848 vi
1139 1813 1390 1864 quaeque
1423 1801 1703 1864 gerantur,

299 1873 604 1925 admixtum
641 1872 894 1939 quoniam
931 1872 1097 1924 semel
1137 1875 1222 1923 est
1256 1870 1310 1924 in
1348 1871 1511 1924 rebus
1546 1872 1719 1925 inane.

301 1950 360 2001 at
394 1951 584 1999 contra
619 1948 664 1999 si
701 1945 882 1999 mollia
919 1947 1030 1999 sint
1064 1945 1363 2014 primordia
1398 1962 1596 2012 reruni,
1936 1960 2010 2001 570

302 2022 449 2075 unde
484 2025 687 2089 queant
724 2020 886 2073 validi
924 2020 1103 2074 silices
1139 2021 1453 2088 ferrumque
1488 2020 1659 2075 creari

305 2114 410 2150 non
446 2096 652 2166 poterit
687 2095 829 2149 ratio
865 2096 1053 2160 reddi;
1099 2113 1227 2151 nam
1261 2095 1511 2151 funditus
1545 2097 1722 2151 omnis

302 2173 569 2243 principio
604 2172 945 2228 fundamenti
983 2178 1182 2229 natura
1216 2172 1440 2228 carebit.

167 2242 435 2305 *ffunt
467 2250 636 2318 igitur
669 2249 845 2304 solida
879 2251 1141 2320 pollentia
1175 2249 1523 2322 simplicitate

305 2342 536 2397 quorum
570 2327 843 2381 condenso
877 2327 1052 2396 magis
1087 2327 1267 2381 omnia
1301 2326 1593 2382 conciliatu
1655 2353 1670 2366 ·
1937 2342 2011 2384 575

306 2403 476 2457 artari
513 2409 739 2472 possunt
774 2403 1091 2473 validasque
1126 2404 1421 2459 ostendere
1456 2404 1602 2459 viris,
1673 2436 1706 2455 s

379 2479 550 2532 l'orro
583 2479 630 2533 si
665 2479 868 2533 nullast
903 2480 1221 2549 frangendis
1256 2480 1479 2535 reddita
1514 2480 1638 2534 finis

306 2554 637 2624 corporibus,
672 2558 858 2609 tamen
893 2572 962 2609 ex
997 2560 1223 2610 aeterno
1258 2560 1510 2625 tempore
1542 2572 1795 2626 quaeque

307 2647 450 2685 nunc
485 2631 653 2686 etiam
688 2646 948 2700 superare
982 2637 1261 2687 necessest
1295 2649 1525 2702 corpora
1560 2632 1740 2699 rebus,

308 2724 448 2777 quae
482 2706 722 2762 nondum
758 2707 977 2761 clueant
1010 2707 1120 2761 ullo
1156 2711 1429 2777 temptata
1464 2705 1678 2776 periclo.
1940 2724 2014 2763 seo

309 2787 368 2838 at
402 2783 657 2852 quoniam
692 2782 874 2853 fragili
910 2785 1109 2837 natura
1142 2784 1396 2852 praedita
1430 2786 1699 2851 constant,

309 2859 586 2928 discrepat
620 2863 907 2914 aeternum
941 2863 1164 2929 tempus
1198 2859 1443 2928 potuisse
1476 2875 1701 2913 manere

311 2934 793 2990 innumerabilibus
827 2935 1005 3005 plagis
1039 2939 1239 2990 vexata
1273 2952 1373 3004 per
1407 2951 1611 2990 aevom.

309 3011 549 3080 denique
580 3010 690 3065 iam
727 3011 983 3080 quoniam
1016 3011 1323 3080 generatim
1358 3010 1580 3066 reddita
1613 3011 1740 3065 finis

308 3085 587 3141 crescendi
621 3086 788 3141 rebus
821 3090 1040 3143 constat
1072 3086 1353 3157 vitamque
1387 3087 1630 3155 tenendi,
1919 3098 2015 3139 -585

312 3164 373 3217 et
405 3161 539 3231 quid
575 3179 826 3234 quaeque
862 3168 1069 3234 queant
1102 3182 1204 3235 per
1238 3165 1462 3220 foedera
1495 3164 1732 3233 naturai²
1781 3214 1798 3221 -
