2259 3442
1118 98 1152 152 I
1928 101 2003 160 17

298 202 392 256 illa
427 217 644 270 quoque
678 217 800 254 esse
835 200 938 254 tibi
973 200 1148 255 solida
1182 203 1353 269 atque
1388 204 1615 255 aeterna
1648 201 1948 258 fatendum.

299 277 537 346 denique
573 278 620 331 si
657 277 907 331 minimas
940 276 997 330 in
1031 278 1207 346 partis
1240 279 1438 331 cuneta
1472 278 1670 332 resolvi

297 370 491 424 eogere
527 356 842 409 consuesset
875 369 1058 407 rerum
1093 357 1293 408 natura
1327 354 1583 423 creatrix,

293 431 404 485 iam
438 431 517 485 nil
553 447 622 484 ex
656 430 764 484 illis
800 429 993 484 eadem
1029 446 1290 499 reparare
1322 428 1537 486 valeret
1936 444 2010 486 03⁴3

293 511 589 578 propterea
624 507 767 575 quia,
803 523 945 575 quae
981 507 1144 560 nullis
1180 510 1309 561 sunt
1343 508 1593 577 partibus
1627 512 1800 575 aucta,

294 601 403 639 non
438 588 666 653 possunt
701 599 768 637 ea
802 600 943 652 quae
979 583 1149 638 debet
1184 583 1438 652 genitalis
1472 584 1677 640 habero

294 661 568 728 materies,
603 659 782 714 varios
817 669 1052 714 conexus
1087 659 1334 729 pondera
1367 661 1557 731 plagas

294 753 587 791 concursus
621 741 817 804 motus,
855 753 956 805 per
991 753 1132 805 quae
1170 753 1258 791 res
1294 754 1544 807 quaeque
1579 743 1861 807 geruntur.

366 813 714 887 Quapropter
750 813 846 883 qui
882 814 1168 868 materiem
1204 830 1392 868 rerum
1428 832 1547 869 esse
1582 820 1847 884 putarunt
1934 831 2007 912 665

294 890 476 959 ignem
512 895 681 961 atque
717 908 787 946 ex
820 891 933 959 igni
970 907 1236 945 summam
1275 892 1574 946 consistere
1611 893 1740 961 sole,

294 984 492 1036 magno
504 985 694 1043 opere
730 985 764 1021 a
797 984 928 1021 vera
963 966 1103 1035 lapsi
1140 967 1352 1020 ratione
1387 967 1656 1022 videntur.

297 1037 613 1097 Heraclitus
649 1042 752 1095 init
788 1059 1025 1110 quorum
1062 1041 1177 1093 dux
1212 1041 1419 1110 proelia
1452 1043 1674 1110 primus,
1789 1070 1880 1115 =·.1„.
1931 1038 2038 1091 ψῖἰ)

294 1119 475 1172 clarus
513 1119 573 1171 ob
608 1117 911 1181 obscuram„
926 1117 1173 1187 linguam
1209 1116 1383 1182 magis
1419 1116 1565 1169 inter
1598 1117 1773 1170 inanis
1817 1120 1826 1159 ἱ
1871 1157 1888 1185 e
1908 1158 1940 1181 .,
1959 1144 2078 1183 ηρ
2105 1154 2112 1163 -

297 1193 537 1265 qu
571 1192 756 1259 gravis
790 1191 936 1244 inter
972 1189 1168 1244 Graios
1203 1191 1462 1260 qui··vera
1496 1192 1800 1260 requirunt.
1938 1209 2010 1250 mo

297 1269 493 1322 omnia·
516 1269 660 1321 enim
698 1266 882 1320 stolidi
916 1269 1088 1336 magis
1125 1267 1467 1322 admirantur
1502 1273 1814 1340 amantque,

297 1343 528 1397 inversis
564 1360 707 1414 quae
741 1342 842 1397 sub
877 1343 1058 1398 verbis
1094 1344 1372 1400 latitantia
1406 1349 1651 1416 cernunt,

297 1436 535 1490 veraque
569 1420 914 1476 constituunt*
944 1438 1084 1492 quae
1120 1421 1265 1476 belle
1299 1426 1528 1491 tangere
1563 1428 1792 1492 possunt

296 1497 444 1552 auris
479 1502 537 1553 et
572 1498 755 1568 lepido
791 1515 931 1568 quae
962 1503 1095 1554 *sunt
1130 1500 1315 1554 fucata
1350 1517 1557 1555 sonore.

365 1575 507 1629 Nam
543 1593 640 1630 eur
676 1579 791 1629 tam
828 1578 1009 1631 variae
1045 1594 1135 1631 res
1171 1578 1384 1646 possint
1418 1595 1538 1633 esse
1573 1578 1811 1647 requiro,
1934 1593 2009 1632 e15

295 1666 364 1704 ex
398 1668 504 1705 uno
540 1653 585 1707 si
623 1656 753 1706 sunt
787 1654 900 1722 igni
937 1671 1184 1723 puroque
1219 1658 1448 1709 creatae.

293 1726 369 1781 nil
404 1729 691 1798 prodesset
726 1731 871 1783 enim
906 1730 1147 1783 calidum
1184 1730 1466 1801 densernier
1498 1731 1682 1798 ignem

294 1821 396 1857 nee
431 1806 691 1871 rarefieri‚
728 1806 774 1858 si
807 1809 992 1872 partes
1027 1805 1169 1871 ignis
1206 1804 1438 1858 eandem

293 1884 548 1933 naturam
583 1897 748 1948 quam
784 1883 935 1933 totus
969 1879 1140 1931 habet
1177 1895 1343 1946 super
1377 1879 1520 1944 ignis
1554 1880 1837 1933 haberent.

295 1956 472 2009 aerior
508 1955 674 2008 ardor
710 1955 854 2007 enim
890 1953 1172 2007 conductis
1206 1953 1459 2021 partibus
1495 1958 1656 2019 esset,
1933 1969 2007 2007 650

246 2055 251 2060 ·
294 2029 606 2098 languidior
640 2044 804 2098 porro
841 2028 1085 2082 disiectis
1122 2028 1317 2099 disque
1354 2030 1575 2097 supatiS.

296 2105 530 2173 amplius
567 2104 670 2158 hoe
707 2104 826 2157 fieri
862 2105 938 2158 nil
977 2107 1062 2158 est
1098 2103 1248 2174 quod
1284 2121 1444 2173 posse
1479 2104 1655 2159 rearis

295 2180 501 2236 talibus
535 2181 590 2234 in
627 2181 816 2249 causis,
853 2181 1057 2236 nedum
1094 2181 1362 2236 variantia
1397 2197 1582 2236 rerum

294 2260 454 2313 tanta
490 2261 661 2328 queat
697 2258 881 2312 densis
917 2258 1165 2327 rarisque
1201 2277 1269 2314 ex
1305 2257 1521 2327 ignibus
1555 2274 1691 2313 esse.

293 2335 355 2388 id
390 2352 621 2405 quoque,
660 2335 707 2389 si
740 2336 944 2391 faciant
978 2335 1285 2391 admixtum
1320 2335 1486 2390 rebus
1521 2334 1699 2404 inane,
1940 2351 2013 2389 655

297 2411 515 2466 denseri
550 2415 813 2480 poterunt
848 2415 1001 2481 ignes
1016 2471 1019 2475 ,
1037 2413 1259 2483 rarique
1297 2412 1545 2481 relinqui.

297 2488 398 2542 sed
432 2488 563 2557 quia
595 2488 769 2541 multa
804 2487 908 2542 sibi
944 2493 1175 2544 cernunt
1211 2490 1481 2543 contraria
1515 2490 1663 2544 nasei

295 2566 357 2619 et
385 2563 627 2630 fugitant
661 2563 717 2615 in
754 2563 920 2617 rebus
954 2565 1114 2618 inane
1149 2565 1460 2634 relinquere
1495 2582 1709 2634 purum,

298 2640 473 2694 ardua
507 2639 637 2692 dum
673 2641 944 2707 metuunt,
979 2641 1244 2694 amittunt
1279 2658 1409 2694 vera
1443 2641 1565 2707 viai,

297 2732 398 2770 nee
432 2732 650 2769 rursum
686 2719 918 2770 cernunt
952 2720 1209 2784 exempto
1244 2716 1409 2770 rebus
1443 2716 1592 2769 inani
1937 2732 2009 2772 660

298 2792 479 2846 omnia
515 2791 733 2845 denseri
771 2792 1001 2860 fierique
1037 2807 1105 2844 ex
1142 2791 1391 2845 omnibus
1425 2809 1594 2846 unum

298 2885 510 2937 corpus,
545 2868 620 2921 nil
657 2867 728 2921 ab
765 2884 824 2921 se
860 2867 1010 2936 quod
1044 2866 1220 2935 possit
1255 2867 1477 2921 mittere
1511 2866 1746 2936 raptim;

299 2944 525 2997 aestifer
557 2943 700 3011 ignis
735 2944 818 2997 uti
852 2943 1038 2996 lumen
1072 2942 1205 2996 iacit
1240 2944 1408 3010 atque
1443 2959 1716 3012 vaporem,

298 3023 364 3074 ut
398 3019 588 3072 videas
620 3036 728 3073 non
765 3036 797 3072 e
832 3019 1050 3088 stipatis
1085 3018 1337 3088 partibus
1372 3035 1508 3076 esse.
1861 3056 1910 3071 s

300 3095 451 3165 quod
486 3096 531 3149 si
565 3096 709 3149 forte
743 3096 853 3150 alia
886 3094 1122 3151 eredunt
1156 3096 1367 3150 ratione
1402 3099 1621 3166 potesse
1941 3110 2012 3147 665

297 3173 440 3240 ignis
475 3171 530 3227 in
566 3176 727 3226 eoetu
761 3173 962 3242 stingui
1002 3176 1329 3242 mutareque
1363 3189 1619 3243 comm,-

317 3250 345 3292 5
