2259 3442
229 104 303 162 14
1062 107 1096 163 I

223 224 351 263 nam
386 223 728 279 quacumque
761 213 919 264 vacat
954 210 1208 278 spatium,
1244 208 1394 279 quod
1427 211 1588 266 inane
1623 229 1893 281 vocamus,

180 328 189 336 .
225 301 423 355 corpus
457 301 524 339 ea
556 301 664 338 non
698 288 815 352 est;
862 303 973 355 qua
1005 302 1171 355 porro
1205 302 1440 357 cumque
1476 292 1633 357 Qet
1668 306 1727 344 se

220 377 435 430 corpus,
469 378 536 416 ea
569 377 797 416 vacuum
832 379 1177 432 nequaquam
1212 367 1428 419 constat
1462 366 1633 421 inane.

220 440 353 492 sunt
386 438 555 507 igitur
589 437 765 492 solida
799 455 862 493 ac
897 439 1015 492 sine
1047 439 1196 493 inani
1231 457 1458 510 corpora
1490 442 1683 512 prima.
1854 463 1931 503 510

222 516 511 583 practerea
545 514 800 584 quoniam
833 515 1036 589 genitis
1069 516 1128 570 in
1162 516 1331 571 rebus
1364 517 1593 587 inanest,

223 591 510 645 materiem
545 592 748 647 circum
784 591 1014 646 solidam
1049 581 1299 648 constare
1333 599 1624 663 necessest,

222 680 325 719 nec
359 682 449 720 res
484 666 595 721 ulla
628 671 815 736 potest
849 685 980 723 vera
1014 669 1229 724 rationo
1262 670 1484 740 probari

222 757 449 810 corpore
483 742 644 798 inane
678 760 777 797 suo
811 744 991 799 celare
1025 748 1195 814 atque
1228 747 1377 800 intus
1412 746 1631 815 habere,

221 817 269 873 si
304 833 429 887 non,
464 818 613 886 quod
646 818 882 887 cohibet,
919 820 1155 875 solidum
1190 826 1443 879 constare
1474 823 1766 894 relinquas.
1853 841 1928 882 515

219 894 280 948 id
313 911 479 964 porro
512 894 589 949 nil
623 911 744 950 esse
779 900 965 965 potest
998 898 1104 951 nisi
1140 899 1393 953 materiai

173 1032 179 1038 ,
219 970 518 1039 concilium,
554 971 701 1041 quod
736 972 899 1027 inane
933 977 1100 1043 queat
1135 990 1320 1027 rerum
1356 974 1622 1031 cohibere.

221 1048 479 1117 materies
514 1048 698 1118 igitur,
734 1047 909 1104 solido
944 1067 1086 1117 quae
1119 1066 1345 1120 corpore
1379 1054 1611 1122 constat,

219 1138 339 1178 csse
373 1129 598 1179 aeterna
631 1128 832 1194 potest,
855 1143 979 1180 cum
1013 1129 1202 1180 cetera
1237 1126 1622 1185 dissoluantur.
1813 1143 2152 1231 ΝΜ

219 1203 338 1257 tum
374 1217 538 1270 porro
572 1201 619 1255 si
654 1201 730 1255 nil
767 1206 915 1257 esset
949 1202 1098 1271 quod
1132 1204 1294 1258 inane
1327 1188 1564 1274 vocaret,
1626 1198 1714 1277 FN
1726 1194 1808 1253 ¹(

219 1292 377 1331 omne
411 1278 554 1332 foret
590 1276 853 1344 solidum;
899 1278 1004 1333 nisi
1040 1283 1233 1334 contra
1266 1296 1495 1351 corpora
1528 1284 1682 1337 certa

217 1356 403 1408 essent
437 1370 578 1421 quae
610 1353 729 1407 loca
762 1355 1100 1423 complerent
1136 1372 1509 1426 quaecumque
1542 1362 1815 1427 tenerent,

217 1443 378 1482 omne
413 1429 560 1497 quod
599 1431 700 1495 est,
737 1430 983 1498 spatium*
1013 1446 1243 1484 vacuum
1279 1436 1558 1488 constaret
1589 1434 1764 1488 inane.

217 1503 444 1558 alternis
475 1504 647 1571 igitur
679 1504 934 1558 nimirum
969 1521 1166 1573 corpus
1201 1506 1349 1561 inani

176 1598 187 1609 ’
218 1579 604 1647 distinctumsc‚
640 1580 895 1648 quoniam
928 1597 1030 1635 nec
1066 1580 1289 1649 plenum
1324 1583 1539 1637 naviter
1573 1587 1729 1640 extat
1846 1601 1920 1641 525

213 1672 315 1710 nec
349 1671 511 1726 porro
542 1672 791 1710 vacuum.
828 1659 958 1711 sunt
993 1672 1126 1725 ergo
1161 1673 1389 1727 corpora
1422 1662 1575 1714 certa

214 1748 354 1800 quae
390 1732 627 1802 spatium
653 1728 824 1800 ‘pleno
859 1732 1070 1803 possint
1104 1732 1442 1803 distinguere
1476 1734 1650 1791 inane.

213 1808 349 1862 haec
383 1825 561 1877 neque
595 1809 818 1864 dissolui
853 1809 1028 1879 plagis
1063 1810 1404 1866 extrinsecus
1436 1806 1592 1867 icfff‘

212 1889 445 1954 possunt
478 1901 579 1941 nec
612 1902 776 1955 porro
811 1887 1031 1956 penitus
1063 1891 1357 1957 penetrata
1389 1888 1569 1943 retexi

214 1978 316 2017 nec
349 1963 562 2017 ratione
597 1966 808 2031 queunt
843 1964 952 2018 alia
984 1967 1261 2033 temptata
1294 1964 1510 2033 labare3
1843 1982 1920 2022 530

210 2038 273 2093 id
306 2039 457 2109 quod
490 2040 598 2093 iam
636 2057 801 2109 supra
833 2040 938 2095 tibi
973 2041 1135 2110 paulo
1171 2041 1513 2096 ostendimus
1548 2046 1691 2099 ante.

212 2132 339 2170 nam
375 2133 552 2185 neque
582 2116 782 2170 conlidi
820 2116 937 2170 sine
970 2118 1116 2170 inani
1152 2133 1314 2185 posse
1348 2118 1570 2172 videtur

212 2190 500 2261 quicquam
537 2210 636 2247 nec
670 2192 849 2260 frangi
883 2209 985 2246 nec
1018 2192 1157 2245 findi
1192 2192 1248 2244 in
1283 2191 1414 2246 bina
1448 2194 1684 2248 secando

210 2284 313 2322 nec
346 2285 543 2337 capere
577 2283 824 2320 umorem
859 2284 1038 2336 neque
1071 2268 1207 2321 item
1241 2268 1512 2322 manabile
1545 2268 1717 2337 frigus

209 2360 311 2398 nec
346 2343 685 2413 penetralem
720 2342 918 2410 ignem,
954 2343 1153 2410 quibus
1187 2344 1370 2396 omnia
1404 2344 1781 2401 conficiuntur.
1841 2361 1914 2400 535

210 2422 271 2474 et
305 2435 414 2488 quo
450 2434 698 2488 quaeque
734 2418 909 2486 magis
943 2418 1166 2473 cohibet
1198 2435 1289 2472 res
1322 2419 1473 2473 intus
1507 2419 1682 2486 inane,

208 2500 325 2550 tam
359 2495 533 2564 magis
568 2494 656 2548 his
704 2493 870 2549 rebus
902 2494 1123 2564 penitus
1158 2496 1433 2564 temptata
1464 2495 1714 2553 labascit.

208 2588 342 2641 ergo
377 2571 424 2626 si
459 2570 632 2626 solida
664 2587 730 2626 ac
765 2570 881 2626 sine
916 2571 1064 2625 inani
1100 2587 1331 2640 corpora
1362 2572 1544 2642 prima

207 2651 337 2702 sunt
369 2647 452 2703 ita
484 2647 568 2703 uti
604 2647 782 2714 docui,
817 2648 930 2702 sint
964 2646 1099 2702 haec
1135 2651 1361 2703 aeterna
1393 2653 1686 2704 necessest.

206 2727 498 2793 praeterea
530 2724 635 2779 nisi
669 2725 930 2780 materies
963 2727 1191 2780 aeterna
1215 2725 1433 2793 fuisset,
1836 2740 1911 2781 510

206 2800 440 2855 antehac
474 2801 548 2855 ad
581 2802 752 2857 nilum
785 2802 1003 2870 penitus
1037 2817 1129 2856 res
1163 2817 1415 2871 quaeque
1448 2801 1726 2857 redissent

207 2875 279 2929 de
313 2876 535 2946 niloque
568 2881 760 2930 renata
794 2878 978 2932 forent
1013 2893 1387 2947 quaecumque
1420 2877 1683 2933 videmus.

204 2954 265 3005 at
300 2953 559 3020 quoniam
593 2969 760 3021 supra
793 2952 954 3008 docui
988 2954 1065 3008 nil
1100 2969 1261 3023 posse
1297 2953 1471 3008 creari

205 3027 277 3082 de
311 3028 423 3083 nilo
456 3045 636 3098 neque
670 3029 819 3098 quod
852 3030 1100 3098 genitum
1136 3034 1224 3084 est
1256 3030 1330 3085 ad
1364 3030 1440 3084 nil
1474 3030 1733 3100 revocari,

204 3122 327 3165 csse
359 3107 637 3163 inmortali
670 3106 971 3177 primordia
1003 3124 1231 3177 corpore
1265 3106 1486 3175 debent,
1835 3121 1909 3164 515

202 3181 433 3238 dissolui
468 3201 578 3255 quo
612 3200 862 3254 quaeque
884 3200 1155 3253 ¹supremo
1189 3186 1439 3255 tempore
1473 3185 1701 3254 possint,
