2259 3442
1101 119 1246 174 1111
1901 121 2013 180 107

305 224 536 292 proptor
569 221 829 293 subtilem
864 224 1119 275 naturam
1142 224 1215 275 ‘et
1251 222 1435 275 tenvia
1469 226 1639 277 texta.

305 301 494 352 cetera
528 297 601 351 de
635 313 837 365 genere
871 297 974 352 hoc
1011 297 1206 351 eadem
1243 299 1458 352 ratione
1495 303 1765 353 creantur.

304 392 448 443 quae
483 392 607 429 cum
642 373 922 428 mobiliter
956 391 1167 428 summa
1200 374 1425 429 levitate
1458 375 1725 443 feruntur,
1943 384 2019 437 us

304 454 369 504 ut
405 453 558 520 prius
593 450 823 513 ostendi,
861 451 1018 504 facile
1054 468 1163 504 uno
1200 456 1507 507 commovet
1542 453 1656 506 ictu

304 527 585 596 quaelibet
621 543 729 579 una
764 527 1002 580 animum
1038 527 1197 581 nobis
1233 527 1449 582 subtilis
1485 528 1696 596 imago;

304 603 485 656 tenvis
520 603 666 657 enim
702 619 855 656 mens
892 606 1073 657 estet
1108 604 1248 657 mire
1284 604 1497 658 mobilis
1531 604 1666 674 ipsa.

375 680 531 734 Haec
556 679 675 733 fieri
699 682 764 733 ut
785 696 1045 748 memor0,
1068 679 1231 734 facile
1254 681 1380 734 hinc
1403 696 1734 749 cognoscere
1755 678 1947 751 possis,

304 760 575 825 quatenus
610 756 713 810 hoc
748 756 924 811 simile
960 762 1049 812 est
1083 757 1179 825 illi,
1216 758 1365 827 quod
1390 761 1585 813 *mente
1620 758 1872 812 videmus
1940 769 2015 814 750

304 838 472 902 atque
507 834 692 902 oculis,
730 833 892 887 simili
927 835 1048 889 fieri
1075 835 1297 889 ratione
1333 851 1559 888 necesse
1593 839 1696 888 est.

304 926 447 963 nunc
481 910 649 978 igitur
685 910 955 979 quoniam
975 911 1140 966 docui
1177 928 1265 965 me
1302 910 1446 964 forte
1482 911 1695 964 leonem

302 1002 529 1039 cernere
564 1003 666 1054 per
702 987 1003 1055 simulacra,
1039 987 1225 1041 oculos
1262 1002 1640 1055 quaecumque
1673 986 1964 1052 lacessunt,

302 1061 443 1115 scire
479 1061 607 1114 licet
641 1065 882 1115 mentem
920 1063 1079 1115 simili
1116 1062 1331 1115 ratione
1367 1063 1591 1127 moveri,

301 1153 403 1206 per
441 1136 727 1189 simulacra.
761 1137 972 1191 leonem
1012 1141 1071 1191 et
1107 1142 1292 1190 cetera
1327 1154 1469 1205 quae
1505 1138 1660 1209 videt
1694 1152 1870 1206 aeque
1939 1150 2012 1191 755

301 1230 403 1267 nec
439 1213 618 1265 minus
653 1215 819 1278 atque
855 1214 1011 1281 oculi,
1045 1214 1149 1266 nisi
1184 1213 1333 1282 quod
1368 1230 1528 1282 mage
1562 1213 1748 1266 tenvia
1781 1213 1973 1267 cernit.

301 1306 403 1343 nec
437 1288 650 1342 ratione
686 1288 804 1353 alia,
840 1305 964 1343 cum
1000 1306 1220 1343 somnus
1256 1289 1504 1342 membra
1537 1289 1802 1358 profudit,

300 1381 455 1418 mens
490 1363 656 1418 animi
690 1365 894 1433 vigilat,
932 1367 1036 1419 nisi
1071 1366 1220 1434 quod
1257 1364 1543 1420 simulacra
1579 1366 1855 1419 lacessunt

301 1441 438 1495 haec
474 1440 666 1495 cadem
702 1444 919 1495 nostros
954 1442 1164 1497 animos
1200 1458 1342 1511 quae
1378 1459 1502 1496 cum
1539 1442 1840 1511 vigilamus,
1865 1468 1869 1472 ·

299 1534 472 1586 usque
496 1517 651 1585 adc0,
674 1521 826 1572 corte
852 1522 916 1572 ut
940 1519 1227 1573 videamur
1250 1536 1474 1574 cernere
1500 1536 1626 1573 eum
1651 1534 1816 1588 quem
1935 1530 2011 1574 700

299 1594 512 1648 rellicta
546 1594 660 1648 vita
694 1594 802 1646 iam
837 1611 984 1648 mors
1021 1599 1080 1650 ct
1116 1599 1268 1650 tcrra
1304 1596 1549 1666 potitast.
1990 1606 1999 1610 '

298 1670 401 1724 hoc
434 1671 560 1724 ideo
597 1670 717 1724 ficri
753 1671 901 1738 cogit
933 1675 1150 1740 natura,
1188 1673 1338 1740 quod
1373 1689 1560 1726 omues

298 1747 540 1816 corporis
576 1746 756 1800 offecti
794 1763 983 1801 seusus
1018 1765 1119 1816 per
1155 1747 1399 1802 membra
1436 1749 1724 1816 quiescunt

297 1840 399 1876 nec
436 1826 663 1890 possunt
697 1823 893 1876 falsum
929 1825 1071 1877 voris
1107 1825 1425 1878 convincere
1463 1823 1641 1876 rebuS.

296 1903 585 1967 praeterea.
618 1899 927 1952 meminisse
961 1901 1102 1952 iacet
1138 1900 1471 1967 languetque
1510 1914 1704 1967 soporo
1934 1910 2008 1953 705

297 1991 398 2029 nec
436 1975 693 2028 dissentit
729 1992 855 2028 eum
889 1976 1083 2028 mortis
1118 1975 1326 2043 letique
1359 1975 1599 2043 potitum

294 2050 406 2104 iam
442 2050 673 2120 pridem,
712 2068 874 2120 quem
911 2067 1065 2104 mens
1099 2051 1279 2105 vivom
1316 2067 1377 2104 se
1413 2065 1638 2104 cernere
1673 2047 1870 2115 credit.

295 2127 443 2195 quod
478 2131 745 2198 superest,
779 2144 889 2181 non
925 2132 1012 2181 est
1046 2128 1246 2181 mirum
1282 2128 1571 2181 simulacra
1604 2125 1813 2178 moveri

295 2204 659 2274 bracchiaque
694 2205 750 2258 in
786 2220 1071 2258 numerum
1108 2205 1319 2258 iactare
1353 2208 1411 2257 et
1446 2206 1633 2258 cetera
1668 2200 1929 2255 membra.

295 2297 421 2334 nam
459 2281 524 2335 fit
558 2285 623 2335 ut
655 2281 711 2334 in
748 2281 951 2334 somnis
983 2280 1168 2335 facere
1203 2280 1306 2334 hoc
1342 2279 1597 2333 videatur
1630 2278 1811 2344 imago
1827 2296 1841 2343 ;
1930 2290 2004 2333 770

293 2358 498 2426 quippe
530 2357 626 2411 ubi
661 2357 838 2426 prima
872 2357 1018 2427 perit
1053 2357 1269 2426 alioque
1304 2361 1391 2410 est
1424 2356 1601 2409 altera
1637 2358 1769 2407 nata

294 2431 424 2485 inde
458 2437 622 2500 statu,
656 2434 808 2502 prior
840 2434 928 2487 hic
962 2438 1181 2501 gestum
1216 2436 1458 2486 mutasse
1493 2430 1728 2485 videtur.

296 2507 503 2562 scilicet
538 2508 598 2561 id
632 2509 750 2562 fieri
785 2510 948 2563 celeri
984 2511 1198 2564 ratione
1232 2509 1619 2578 putandumst:

297 2587 453 2638 tanta
488 2588 575 2638 est
610 2585 883 2638 mobilitas
920 2588 978 2639 et
1013 2601 1198 2639 rerum
1235 2586 1390 2655 copia
1423 2588 1582 2638 tanta.

293 2663 560 2730 tantaque
598 2661 841 2714 sensibili
877 2663 1065 2730 quovis
1104 2664 1192 2715 est
1228 2667 1478 2731 temporo
1520 2661 1576 2713 in
1611 2674 1720 2712 uno
1926 2668 2001 2712 775

292 2737 448 2805 copia
482 2737 892 2806 particularum,
927 2739 992 2789 ut
1025 2737 1200 2805 possit
1236 2736 1607 2807 suppeditare.

362 2812 671 2882 [Multaque
704 2812 758 2866 in
796 2812 882 2865 his
917 2811 1082 2865 rebus
1119 2818 1458 2881 quaeruntur
1491 2810 1777 2877 multaque
1808 2807 1969 2865 nobis

291 2888 678 2957 clarandumst,
712 2889 873 2957 plane
910 2888 954 2940 si
990 2904 1079 2940 res
1114 2905 1387 2956 exponere
1423 2903 1659 2941 avemus.

291 2965 573 3033 quaeritur
605 2966 661 3019 in
697 2965 887 3035 primis
923 2980 1111 3032 quare,
1147 2965 1295 3033 quod
1329 2964 1524 3033 cuique
1559 2962 1730 3017 libido

291 3042 515 3108 venerit,
554 3041 830 3111 extemplo
865 3056 1020 3094 mens
1057 3041 1265 3108 cogitet
1301 3040 1418 3094 eius
1454 3040 1514 3093 id
1547 3040 1742 3108 ipsum.
1920 3050 1997 3094 780

224 3132 244 3148 ·
291 3132 431 3169 aune
467 3117 801 3171 voluntatem
837 3121 1080 3170 nostram
1117 3117 1405 3170 simulacra
1439 3120 1667 3170 tuentur

291 3196 350 3245 et
387 3192 545 3245 simul
581 3208 644 3247 ac
679 3194 927 3247 volumus
962 3194 1120 3247 nobis
1157 3193 1397 3248 occurrit
1431 3193 1624 3259 imagO,
