2259 3442
273 98 388 157 154
1085 96 1148 152 V

267 203 594 273 expertique
628 218 755 257 sues
791 217 979 257 saevos
1015 205 1145 256 sunt
1179 201 1404 257 mittere
1437 203 1496 260 in
1526 204 1712 259 hostis.

267 284 327 335 ct
361 279 569 334 validos
601 279 804 348 partim
839 295 973 348 prae
1009 295 1069 333 se
1102 279 1301 333 misere
1335 279 1520 334 leones
1881 297 2027 338 1310

267 374 391 412 cum
429 355 739 411 doctoribus
775 355 997 408 armatis
1032 355 1317 423 saevisque
1351 356 1632 425 magistris

268 434 361 502 qui
396 433 731 488 moderarier
766 431 851 484 his
886 434 1112 500 possent
1148 431 1449 501 vinclisque
1483 437 1689 501 tenere,

265 511 607 580 nequiquam,
643 510 894 579 quoniam
928 509 1202 577 permixta
1235 508 1404 563 caede
1440 509 1677 564 calentes

267 585 564 640 turbabant
600 585 749 639 saevi
785 585 932 638 nullo
969 584 1279 638 discrimine
1313 589 1539 652 turmas,

267 677 552 711 TERRIPICAS
574 676 790 710 CAPITUM
818 676 1119 716 QUATIENTES
1146 677 1370 716 UNDIQUE
1395 678 1589 711 GRISTAS
1876 677 2000 732 1315

266 757 367 793 nee
399 743 660 809 poteraut
697 740 909 809 equites
944 740 1171 794 fremitu
1206 738 1504 810 perterrita
1539 755 1801 808 equorum

265 818 489 884 pectora
522 816 759 873 mulcere
794 819 853 870 et
885 816 1056 870 frenis
1090 818 1411 870 convertere
1444 816 1502 869 in
1536 815 1722 869 hostis,

264 892 491 947 inritata
527 893 645 946 leae
680 892 951 946 iaciebant
985 909 1213 963 corpora
1247 892 1391 947 saltu

265 968 506 1038 undique
542 973 600 1024 et
634 969 923 1023 adversum
959 969 1304 1023 venientibus
1338 985 1437 1023 ora
1469 967 1736 1039 petebant

266 1048 325 1097 ct
360 1061 461 1099 nec
496 1045 767 1114 opinantis
801 1062 835 1098 a
870 1049 1027 1113 tergo
1063 1043 1407 1112 deripiebant
1876 1056 1990 1097 1320

266 1119 638 1190 deplexaeque
677 1121 882 1175 dabant
915 1122 971 1175 in
1006 1124 1212 1174 terram
1246 1120 1468 1173 volnere
1502 1119 1689 1185 victos,

266 1197 534 1251 morsibus
570 1197 785 1252 adfixae
819 1197 1012 1252 validis
1048 1201 1215 1264 atquc
1250 1195 1524 1264 unguibus
1556 1195 1723 1248 uncis

264 1272 651 1343 iactabantque
688 1289 813 1327 suos
848 1274 995 1327 tauri
1029 1272 1374 1341 pedibusque
1408 1271 1665 1326 terebant

267 1351 327 1401 ct
361 1348 533 1403 latera
567 1367 629 1403 ac
664 1352 883 1404 ventres
916 1348 1211 1403 hauribant
1247 1352 1437 1416 supter
1470 1363 1731 1416 equorum

267 1424 519 1478 cornibus
556 1429 614 1479 et
648 1427 853 1478 terram
890 1425 1164 1478 minitanti
1199 1425 1383 1478 fronte
1421 1424 1667 1477 ruebant.
1870 1437 1978 1477 1325

266 1503 325 1553 et
358 1500 551 1553 validis
588 1501 757 1554 socios
792 1500 1093 1555 caedebant
1129 1500 1385 1554 dentibus
1421 1501 1539 1569 apri

267 1576 379 1629 tela
411 1577 641 1630 infracta
677 1592 773 1629 suo
808 1576 1122 1644 tinguentes
1161 1576 1421 1645 sanguine
1456 1576 1617 1643 saevi,

267 1666 320 1699 IN
347 1667 402 1699 SE
430 1667 616 1700 FRACTA
642 1667 731 1699 SUO
764 1667 1063 1700 TINGUENTES
1088 1668 1332 1700 SANGUINE
1359 1668 1480 1699 TELA

263 1730 674 1799 permixtasque
711 1728 919 1784 dabant
954 1732 1201 1800 equitum
1235 1730 1593 1798 peditumque
1627 1728 1826 1781 ruinas,

265 1822 391 1859 nam
426 1810 736 1861 transversa
770 1807 917 1861 feros
952 1807 1176 1861 exibant
1211 1806 1394 1859 dentis
1429 1805 1656 1859 adactus
1867 1818 1966 1858 1330

263 1882 508 1938 iumenta
543 1886 639 1937 aut
673 1883 907 1953 pedibus
941 1888 1134 1937 ventos
1170 1885 1353 1936 crecta
1387 1881 1665 1951 petebant,

265 1961 612 2029 nequiquam,
651 1961 904 2030 quoniam
940 1961 1011 2014 ab
1045 1959 1227 2012 nervis
1264 1958 1471 2011 succisa
1505 1957 1722 2010 videres

265 2036 550 2090 concidere
586 2040 753 2105 atque
786 2037 938 2104 gravi
974 2039 1180 2090 terram
1216 2037 1566 2109 consternere
1599 2047 1743 2085 oesu.

264 2111 448 2180 siquos
484 2116 613 2166 ante
648 2114 796 2166 domi
831 2112 1069 2166 domitos
1105 2112 1239 2165 satis
1273 2126 1393 2163 esse
1429 2108 1711 2178 putabant,

265 2187 617 2242 effervescere
653 2188 950 2243 cernebant
982 2189 1040 2242 in
1074 2187 1239 2242 rebus
1273 2187 1507 2255 agundis
1865 2195 1961 2235 1335

263 2263 572 2318 volneribus
607 2265 841 2319 clamore
873 2265 1004 2333 fuga
1037 2268 1251 2319 terrore
1286 2263 1542 2329 tumultu,

262 2355 363 2391 nec
397 2343 653 2408 poterant
687 2339 853 2393 ullam
889 2345 1104 2408 partem
1140 2339 1444 2394 redducere
1478 2353 1698 2400 eorum;

264 2414 584 2483 diffugiebat
618 2416 764 2468 enim
798 2416 1008 2469 varium
1044 2432 1217 2483 genus
1252 2431 1411 2469 omne
1445 2414 1718 2478 ferarum3

263 2493 327 2543 ut
362 2507 505 2545 nunc
533 2501 704 2561 ‘saepe
739 2490 904 2545 boves
938 2491 1094 2545 lucae
1128 2492 1275 2545 ferro
1308 2490 1452 2545 male
1485 2491 1698 2542 mactae

264 2567 567 2638 diffilgiunt,
600 2570 722 2623 fera
754 2570 870 2624 fata
904 2569 1014 2622 suis
1049 2585 1172 2622 cum
1206 2568 1382 2622 multa
1415 2566 1637 2620 dedere.
1866 2574 1957 2617 1³40

261 2660 304 2693 81
329 2662 443 2695 rtur
468 2662 532 2695 m·
556 2663 804 2696 mmmmm·
829 2662 916 2695 sm)
941 2662 1028 2694 vn(
1047 2661 1278 2694 Annvcon
1298 2660 1362 2692 m·
1381 2659 1508 2691 ANTE

262 2723 361 2755 NON
382 2723 616 2762 omnum
636 2724 790 2757 amno
809 2722 1136 2756 nmmum
1155 2721 1317 2759 Arcum
1335 2717 1520 2752 vmnnn

264 2785 403 2822 QUAM
423 2786 660 2819 conum
680 2785 856 2818 numm
877 2784 1047 2817 rmum·
1065 2781 1363 2820 Fonntmeun
1382 2776 1619 2812 FUTURUM

264 2848 321 2879 ετ
341 2848 492 2880 MAGIS
513 2848 566 2880 1D
585 2847 942 2881 rossusmcrun
962 2845 1275 2879 com-ENDERE
1294 2844 1348 2876 IN
1368 2842 1489 2874 emm
1905 2877 1916 2889 ο

263 2908 318 2940 IN
336 2908 496 2940 unns
515 2909 702 2942 numus
720 2910 875 2943 vAmA
896 2908 1107 2941 RATIONE
1126 2906 1324 2940 cnmns
1862 2901 1952 2940 1345

262 2970 402 3006 QUAM
422 2970 572 3002 cnn‘ro
590 2972 751 3010 A'erz
769 2971 868 3004 uno
886 2969 1154 3003 mmmmm
1175 2967 1410 3007 Quonam-r
1428 2965 1545 2998 enm

263 3034 363 3084 sed
397 3032 578 3086 facere
612 3032 674 3085 id
706 3050 814 3087 non
851 3036 964 3087 tam
998 3029 1250 3087 vincendi
1285 3045 1382 3097 spe
1415 3027 1721 3092 voluerunt,

262 3123 429 3175 quam
463 3106 598 3162 dare
632 3108 782 3177 quod
815 3110 1100 3175 gemerent
1134 3106 1334 3172 hoste8‚
1368 3103 1581 3171 ipsique
1613 3101 1813 3170 perire,

258 3182 356 3245 qui
388 3197 615 3236 numero
650 3182 973 3236 diffidebant
1005 3181 1279 3247 armisque
1314 3176 1595 3232 vacabant.
